=LDR  01928nam a2200301 a 4500
=001  12044
=005  20250121142128.0
=008  940322s1993\\\\ne\a\\\\\bk\\\001\0ddut\\
=020  \\$a9060118235
=040  \\$aOI
=041  \\$adut
=245  00$aUnico Wilhelm van Wassenaer, 1692-1766:$bcomponist en staatsman
=260  \\$aHilversum$bCentrum Nederlandse Muziek$aZutphen$bWalburg Pers$c1993
=300  \\$a344 pages$billustrations$c23 cm
=490  \\$aBibliotheek Nederlandse muziek
=504  \\$aIncludes work list, discography, bibliographical references, and index.
=505  0\$gVan uniek tot unico de Concerti armonici van Unico Wilhelm Wassenaer ; Unico Wilhelm van Wassenaer / Rudolf Rasch -- Unico Wilhelm van Wassenaer in zijn culturele milieu / L.J. van der Klooster -- Het Haagse muziekleven in Unico Wilhelms dagen / Rudolf Rasch -- Graaf Jan en de cursus honorum van Unico Wilhelm van Wassenaer ; Rond een bezending naar Munsterland / J. Aalbers -- Concerti armonici of concerti unici? : analytische opmerkingen over de Concerti armonici / Kees Vlaardingerbroek.
=590  \\$aonder redactie van Rudolf Rasch en Kees Vlaardingerbroek ; met bijdragen van J. Aalbers ... [et al.].
=600  \0$aWassenaer, Unico Wilhelm van$cGraaf$d1692-1766$1http://www.wikidata.org/entity/Q497638$915413
=648  \0$a18th Century (1701-1800)$1http://www.wikidata.org/entity/Q7015$920899
=650  \0$aComposer$1http://www.wikidata.org/entity/Q36834$93625
=650  \0$aPolitics$1http://www.wikidata.org/entity/Q7163$921826
=651  \0$aNetherlands$1http://www.wikidata.org/entity/Q55$9173
=700  \\$aRasch, Rudolf$d1945-$4edt$1http://www.wikidata.org/entity/Q112427566$913439
=700  \\$aVlaardingerbroek, Kees$4edt$926034
=942  \\$cBOO
=952  \\$00$10$2ddc$40$6BIO_WASS_E$70$8BIO$912027$aORPH$bORPH$cKTS1_P$d2020-07-08$eKoopman$i23B16$oBIO WASS e$p20128543$r2021-01-12 00:00:00$w2021-01-12$yBOO$OKoopman
=999  \\$d12044

