=LDR  00323    a2200097   4500
=001  12045
=245  \\$aSamuel Scheidt
=260  \\$c1954
=942  \\$cBOO
=952  \\$00$10$2ddc$40$6BIO_SCHE2_D$70$8BIO$912028$aORPH$bORPH$cKTS1_P$d2020-07-08$eKoopman$i23B31$l0$oBIO SCHE2 d$p20128528$r2021-01-12 00:00:00$w2021-01-12$yBOO$OKoopman
=999  \\$c12045$d12045

