=LDR  02577cam a22004337a 4500
=001  12048
=005  20250120120024.0
=008  021024s2002\\\\quca\\\\\bc\\\001\0\eng\d
=010  \\$a  2005450735
=016  \\$a20020139888
=020  \\$a9053494073 (English hardcover)
=020  \\$a9053494081 (French hardcover)
=020  \\$a905349409X (German hardcover)
=020  \\$a2891929918 (English softcover)
=020  \\$a2891929926 (French softcover)
=020  \\$a905349412X (German softcover)
=035  \\$a(OCoLC)ocm50845960
=040  \\$aNGU$cNGU$dNLC$dOCLCQ$dOHX$dB2Q$dOCLCQ$dOCL$dDLC
=041  0\$aeng$bfre
=042  \\$alccopycat
=043  \\$ae-fr---
=055  01$aN6846
=072  \7$aN$2lcco
=245  00$aRichelieu :$bart and power /$cedited by Hilliard Todd Goldfarb ; essays by Hilliard T. Goldfarb ... [et al.].
=246  30$aArt and power
=260  \\$aMontreal :$bMontreal Museum of Fine Arts ;$aCologne :$bWallraf-Richartz-Museum--Fondation Corboud in association with Snoeck-Ducaju & Zoon,$cc2002.
=300  \\$axvii, 421 p. :$bill. (some col.) ;$c30 cm.
=504  \\$aIncludes bibliographical references (p. 403-412) and index.
=505  0\$aRichelieu and contemporary art : "raison d'état" and personal taste / Hilliard T. Goldfarb -- Richelieu, patron of the arts / Marc Fumaroli -- Portraits as political mission : Richelieu and his apelles / Ekkehard Mai -- The first statesman and the urgency of reason / Orest Ranum -- Counsel and courage : the Galerie des hommes illustres in the Palais Cardinal, a self-portrait of Richelieu / Sylvain Laveissière -- The Cardinal-minister / Françoise Hildesheimer -- L'Imprimerie royale and Cardinal Richelieu / Maxime Préaud -- The architecture of Cardinal Richelieu / Hilary Ballon -- Richelieu and la Nouvelle France / Jacques Mathieu -- From painted canvas to silver screen : Richelieu in film / Judith Prokasky.
=600  \0$aCardinal Richelieu$d1585-1642$1http://www.wikidata.org/entity/Q26702$914755
=648  \0$a17th Century (1601-1700)$1http://www.wikidata.org/entity/Q7016$920923
=650  \0$aFine art$1http://www.wikidata.org/entity/Q219625$921579
=651  \0$aFrance$1http://www.wikidata.org/entity/Q142$9131
=700  \\$aGoldfarb, Hilliard T.$911187
=710  \\$aMontreal Museum of Fine Arts (Canada)$91654
=710  \\$aWallraf-Richartz-Museum (Cologne, Germany)$91655
=942  \\$cBOO
=952  \\$00$10$2ddc$40$6BIO_RICH2_D$70$8BIO$912031$aORPH$bORPH$cKTS1_P$d2020-07-08$eKoopman$i23C36$l0$oBIO RICH2 d$p20128594$r2021-01-12 00:00:00$w2021-01-12$yBOO$OKoopman
=999  \\$d12048

