=LDR  01491cam a2200289 a 4500
=001  12050
=008  010209s2000\\\\gw\abo\\\b\\\\000\0|ger\|
=020  \\$a3892349363
=041  \\$ager
=245  04$aDas Kirchspiel von St. Katharinen.$bDer Hafen, die Speicherstadt und die Kirche: unter dem gekrönten Turm. Hamburgs Geschichte, Menschen damals und heute, Unternehmen
=246  3\$aKirchspiel von Sankt Katharinen
=260  \\$aHamburg$bEllert & Richter$c2000
=300  \\$a192 pages
=504  \\$aIncludes bibliographical references (p. 190-191).
=610  \0$aHauptkirche St. Katharinen (Hamburg, Germany)$1http://www.wikidata.org/entity/Q616790$923919
=650  \0$aChurch$1http://www.wikidata.org/entity/Q16970$93776
=650  \0$aOrgan$1http://www.wikidata.org/entity/Q1444$92810
=650  \0$aMusic history$1http://www.wikidata.org/entity/Q846047$921373
=650  \0$aHistory$1http://www.wikidata.org/entity/Q309$921403
=650  \0$aUrban design$1http://www.wikidata.org/entity/Q63100$939883
=651  \0$aHamburg (Germany)$1http://www.wikidata.org/entity/Q1055$921940
=700  \\$aDenecke, Axel$914757$4edt
=700  \\$aStolt, Peter$d1926-2022$1http://www.wikidata.org/entity/Q2078511$4edt$914758
=710  \\$aHamburger Hafen- und Lagerhaus Aktiengesellschaft (Germany)$91657
=942  \\$cBOO
=952  \\$00$10$2ddc$40$6TOP_DE_HAM$70$8TOP$912033$aORPH$bORPH$cKTS0$d2020-07-08$eKoopman$i23C41$l0$oTOP DE.HAM$p20128599$r2021-01-12 00:00:00$w2021-01-12$yBOO$OKoopman
=999  \\$d12050

