=LDR  00856cam a2200193 a 4500
=001  12051
=005  20250120120042.0
=008  980602s1998\\\\enkacgi\\b\\\\101\0\eng\\
=020  \\$z1859283543 (hb)
=040  \\$aOI
=245  00$aWilliam Lawes (1602-1645) :$bessays on his life, times, and work /$cedited by Andrew Ashbee.
=260  \\$aAldershot, England ;$aBrookfield, Vt. :$bAshgate,$cc1998.
=300  \\$axvii, 386 p. :$bill., ports., music, facsims. ;$c24 cm.
=504  \\$aIncludes bibliographical references (p. 361-372) and index.
=600  \0$aLawes, William$d1602-1645$1http://www.wikidata.org/entity/Q540025$912310
=700  \\$aAshbee, Andrew$99183
=942  \\$cBOO
=952  \\$00$10$2ddc$40$6BIO_LAWE_E$70$8BIO$912034$aORPH$bORPH$cKTS1_P$d2020-07-08$eKoopman$i23D02$oBIO LAWE e$p20128618$r2021-01-12 00:00:00$w2021-01-12$yBOO$OKoopman
=999  \\$c12051$d12051

