=LDR  01351cam a2200289 p 4500
=001  12052
=008  800711s1980\\\\ne\ag\\\\b\\\\000\e\ger\\
=041  \\$ager
=100  \\$aLohmeier, Dieter$1http://www.wikidata.org/entity/Q998150$4edt$914760
=245  00$aWeltliches und geistliches Lied des Barock:$bStudien zur Liedkultur in Deutschland und Skandinavien
=260  \\$aAmsterdam$bRodopi$c1980
=300  \\$a264 pages
=490  1\$aBeihefte zum Daphnis 2$vBand 8 Heft 1
=490  1\$aDaphnis$v8/1
=490  1\$aSkrifter utgivna av Svenskt visarkiv$v7
=504  \\$aIncludes bibliographical references.
=648  \0$a17th Century (1601-1700)$1http://www.wikidata.org/entity/Q7016$920923
=650  \0$aSong$1http://www.wikidata.org/entity/Q7366$94164
=650  \0$aProfane$1http://www.wikidata.org/entity/Q3922543$923048
=650  \0$aReligion$1http://www.wikidata.org/entity/Q9174$93062
=650  \0$aBaroque$1http://www.wikidata.org/entity/Q37853$921255
=651  \0$aGermany$1http://www.wikidata.org/entity/Q183$9155
=651  \0$aScandinavia$1http://www.wikidata.org/entity/Q21195$922682
=653  \\$adoel van de muziek$37$931127
=942  \\$cBOO
=952  \\$00$10$2ddc$40$6TOP_DE_5_000000000000000$70$8TOP$912035$aORPH$bORPH$cKTS0$d2020-07-08$eKoopman$i23D03$l0$oTOP DE 5$p20128617$r2021-01-12 00:00:00$w2021-01-12$yBOO$OKoopman
=999  \\$d12052

