=LDR  02137cam a2200277 a 4500
=001  12053
=005  20250120120102.0
=008  000314s1999\\\\au\g\\\\\b\\\\010\0\ger\d
=010  \\$a   00309684 
=020  \\$a3701711755
=040  \\$aGyWOH$beng$cGyWOH$dCSt$dDLC
=041  \\$ager
=100  \\$4aut$aWolff, Christoph$d1940-$1http://www.wikidata.org/entity/Q66488$910387
=245  04$aDie Gegenwart der musikalischen Vergangenheit:$bMeisterwerke in der Dirigenten-Werkstatt
=260  \\$aSalzburg$bResidenz$c1999
=300  \\$a224 pages$bmusic ;$c21 cm.
=500  \\$aFor the 70th birtday of Nikolaus Harnoncourt
=504  \\$aIncludes bibliographical references.
=505  0\$aDie Gegenwart der musikalischen Vergangenheit : Historisch orientierte Aufführungspraxis vom Neoklassizismus zur Postmoderne : ein Einleitung / Christoph Wolff -- Schon wieder eine Matthhaus-Passion! / Gustav Leonhardt -- Vom Umgang mit Bach-Kantaten / Ton Koopman -- Heinichen und die Musik "per l'orchestra di Dresda" / Reinhard Goebel -- Händel als Praktiker der Oper / Nicholas McGegan -- Les Boréades von Rameau: eine verspätete Urauffürung / John Eliot Gardner -- Gedanken zur Musik der Bach-Familie nach Johann Sebastian / Hermann Max -- Die Orgel in der Kirchenmusik Haydns und Mozart / Martin Haselböck -- Mozart : wir suchen seine Botschaft in der Handschrift / Nikolaus Harnoncourt -- Zur Verteidigung von Menuett und Trio / Christopher Hogwood -- Tschaikowsky in der Werkstatt / Roger Norrington.
=650  \0$aHistorically informed performance$1http://www.wikidata.org/entity/Q1344860$920980
=650  \0$aMusic history$1http://www.wikidata.org/entity/Q846047$921373
=700  \\$4dte$aHarnoncourt, Nikolaus$d1929-2016$1http://www.wikidata.org/entity/Q78526$917150
=942  \\$cBOO
=952  \\$00$10$2ddc$40$6MTP_2_000000000000000_WOLF$70$8MTP$912036$aORPH$bORPH$cKM12_1$d2020-07-08$eKoopman$i23D12$oMTP2 WOLF$p20128607$r2021-01-12 00:00:00$w2021-01-12$yBOO
=952  \\$00$10$2ddc$40$6MTP_2_000000000000000_WOLF$70$8MTP$914844$aORPH$bORPH$cKM12_1$d2020-07-08$oMTP2 WOLF$p20134492$r2021-01-12 00:00:00$w2021-01-12$yBOO
=999  \\$c12053$d12053

