=LDR  03436aam a2200265   4500
=001  12054
=008  220922s1933\\\\|||gfh||\||||\00|\0\mul\d
=041  \\$afre$ager
=100  \\$aLa Laurencie, Lionel de$d1861-1933$4dte$1http://www.wikidata.org/entity/Q3241967$97116
=245  \\$aMélanges de musicologie$bofferts à M. Lionel de la Laurencie
=260  \\$aParis$bDroz$c1933
=300  \\$a295 pages
=490  \\$aPublications de la Société Française de Musicologie$vII/3-4
=504  \\$aTable des matières, p. 295
=505  \\$gLe Contrepoint double vers 1248 / Yvonne Rokseth -- Robinet de la Magdalaine / André Pirro -- Autour des orgues de Notre-Dame de Poissy / Norbert Dufourcq -- Les Chansons de François Villon / E. Droz -- Les Grandes orgues de l'église Notre-Dame de Caudebec-en-Caux / Félix Raugel -- Quelques considérations sur l'origine des ricercari pour luth / Henryk Opienski -- Les Psaumes de Janequin / Maurice Cauchie -- Der Rhythmus der Basse Danse / Curt Sachs -- Les Amours de P. de Ronsard mises en musique par Jehan de Maletty (1578) / G. Thibault -- Les Rapports italo-transylvains de Il Transilvano de Girolamo Diruta / Emile Haraszti -- Le Livre de clavier de Vincentius de la Faille (1625) / Ch. Van den Borren -- Ennemond Gaultier, Sieur de Nève (1) / André Tessier -- Eine Gitarrentabulatur des kaiserlichen Theorbisten Orazio Clementi / Adolf Koczirz -- Les Musiciens du Cardinal Antonio Barberini / Henry Prunières -- Essais d'opéras en Suède, sous Charles XII / Carl-Allan Moberg -- Das Stammbuch des Georg Fabricius / Johannes Wolf -- Notes sur les manuscrits et sur quelques œuvres de M.-A. Charpentier / A. Gastoué -- Il Barocco e la musica / Andrea della Corte -- Sur les origines de la symphonie : une « sinfonia » de Jean-Sébastien Bach / Julien Tiersot -- L'Opéra italien jugé par un amateur français en 1756 / Henri Bédarida -- Une Lettre inédite de Rameau / Paul-Marie Masson -- Les Influences françaises dans la tonadilla madrilène du XVIIIe siècle / José Subira -- Un Paradoxe musical au XVIIIe siècle / E. Borrel -- Le Réveil en France, au XVIIIe siècle, de l'intérêt pour la musique profane du moyen âge / Théodore Gérold -- Sur François Barthélémon / Marc Pincherle -- Les Éditions françaises de Mozart 1765-1801 / Georges de Saint-Foix -- Die Passionsoratorien Jean-François Lesueurs / Karl Nef -- Beethovens Brief an Baron de Trémont / G. Kinsky -- Un Opéra allemand de Spontini « Agnes von Hohenstaufen » / Charles Bouvet -- Trois lettres inédites de Cosima Wagner / J.-G. Prodhomme -- Note sur la filiation des instruments à cordes / André Schaeffner
=648  \0$aMiddle Ages (500-1400)$1http://www.wikidata.org/entity/Q12554$920964
=648  \0$aRenaissance (1400-1600)$1http://www.wikidata.org/entity/Q4692$920965
=648  \0$a17th Century (1601-1700)$1http://www.wikidata.org/entity/Q7016$920923
=648  \0$a18th Century (1701-1800)$1http://www.wikidata.org/entity/Q7015$920899
=648  \0$a19th Century (1801-1900)$1http://www.wikidata.org/entity/Q6955$920935
=650  \0$aMusic history$1http://www.wikidata.org/entity/Q846047$921373
=650  \0$aOrganology$1http://www.wikidata.org/entity/Q899293$921400
=942  \\$cBOO
=952  \\$00$10$2ddc$40$6REF_4_000000000000000_LAUR$70$8REF$912037$aORPH$bORPH$cKM12_1$d2020-07-08$eKoopman$i23D19$l1$oREF4 LAUR$p20128648$r2022-09-29 00:00:00$s2022-09-06$w2021-01-12$yBOO
=999  \\$d12054

