=LDR  01491cam a2200277 a 4500
=001  12055
=005  20250121142128.0
=008  870521s1986\\\\gw\agh\\\b\\\\101\0\ger\\
=020  \\$a3873280450
=040  \\$aOI
=041  0\$ager$aeng$afre
=100  \\$aBadura-Skoda, Eva$d1929-2021$1http://www.wikidata.org/entity/Q1299094$4edt$916016
=245  10$aJoseph Haydn.$bBericht über den Internationalen Joseph Haydn Kongress, Wien, Hofburg, 5.-12. September 1982 = Proceedings of the International Joseph Haydn Congress
=260  \\$aMunich$bHenle$c1986
=300  \\$axviii-641 pages$billustrations, music, facsimiles$c27 cm
=504  \\$aIncludes bibliographical references and indexes.
=590  \\$afür die Gesellschaft für Forschungen zur Musikalischen Aufführungspraxis herausgegeben von Eva Badura-Skoda.
=600  \0$aHaydn, Joseph$d1732-1809$1http://www.wikidata.org/entity/Q7349$94783
=648  \0$a18th Century (1701-1800)$1http://www.wikidata.org/entity/Q7015$920899
=648  \0$a19th Century (1801-1900)$1http://www.wikidata.org/entity/Q6955$920935
=650  \0$aComposer$1http://www.wikidata.org/entity/Q36834$93625
=651  \0$aEszterháza (Hungary)$1http://www.wikidata.org/entity/Q667208$923790
=651  \0$aVienna (Austria)$1http://www.wikidata.org/entity/Q1741$920937
=942  \\$cBOO
=952  \\$00$10$2ddc$40$6BIO_HAYD1_E$70$8BIO$912038$aORPH$bORPH$cKTS1_P$d2020-07-08$eKoopman$i23D24$oBIO HAYD1 e$p20128643$r2021-01-12 00:00:00$w2021-01-12$yBOO$OKoopman
=999  \\$d12055

