=LDR  00751    a2200181   4500
=001  12058
=008  210517s1975\\\\\\\|||||\||||\00|\0\ger\d
=020  \\$a387397097X
=041  \\$ager
=100  \\$4dte$aSenn, Walter$d1904-1981$1http://www.wikidata.org/entity/Q84551253$921517
=245  \\$aFestschrift Walter Senn zum 70. Geburtstag
=260  \\$aMunich$bKatzbichler$c1975
=300  \\$a247 pages
=700  \\$4edt$aEgg, Erich$d1920-2008$1http://www.wikidata.org/entity/Q1352117$922070
=710  \\$4edt$aTiroler landesmuseum Ferdinandeum (Innsbruck)$922071
=942  \\$cBOO
=952  \\$00$10$2ddc$40$6REF_4_000000000000000_SENN$70$8REF$912041$aORPH$bORPH$cKM12_1$d2020-07-08$eKoopman$i23D33$oREF4 SENN$p20128634$r2021-01-12 00:00:00$w2021-01-12$yBOO
=999  \\$d12058

