=LDR  00780    a2200193   4500
=001  12059
=008  210329b\\\\\\\\\\\|||||\||||\00|\0\ger\d
=020  \\$a3900537003
=041  \\$ager
=100  \\$aAdler, Guido$d1855-1941$4dte$1http://www.wikidata.org/entity/Q78716$917498
=245  \\$aGedenkschrift Guido Adler
=260  \\$c1986$aFöhrenau
=300  \\$a258 pages
=490  \\$aMusicologica Austriaca$v6
=700  \\$4edt$aLederer, Josef-Horst$d1944-$1http://www.wikidata.org/entity/Q41627178$921098
=942  \\$cBOO
=952  \\$00$10$2ddc$40$6REF_4_000000000000000_ADLE$70$8REF$912042$aORPH$bORPH$cKM12_1$d2020-07-08$eKoopman$i23D37$oREF4 ADLE$p20128630$r2021-01-12 00:00:00$w2021-01-12$yBOO
=999  \\$c12059$d12059
=650  \0$aMusic history$1http://www.wikidata.org/entity/Q846047$921373

