=LDR  01237nam a22002775i 4500
=001  12060
=005  20250121142128.0
=008  220114s1981\\\\\\\g||||\||||\00|\0dita\d
=020  \\$a8822229886
=040  \\$aOI
=041  \\$aita
=245  14$aFrancesco Gasparini (1661-1727):$cAtti del primo convegno internazionale 1978
=260  \\$aFlorence$bOlschki$c1981
=490  \\$aQuaderni della Rivista italiana di musicologia$v6
=600  \0$aGasparini, Francesco$d1661-1727$1http://www.wikidata.org/entity/Q446955$95534
=648  \0$a17th Century (1601-1700)$1http://www.wikidata.org/entity/Q7016$920923
=648  \0$a18th Century (1701-1800)$1http://www.wikidata.org/entity/Q7015$920899
=650  \0$aComposer$1http://www.wikidata.org/entity/Q36834$93625
=650  \0$aOpera$1http://www.wikidata.org/entity/Q1344$92468
=651  \0$aVenice (Italy)$1http://www.wikidata.org/entity/Q641$91
=651  \0$aRome (Italy)$1http://www.wikidata.org/entity/Q220$949
=700  \\$4edt$aSeta, Francesco della$923460
=700  \\$4edt$aPiperno, Franco$914550
=942  \\$cBOO
=952  \\$00$10$2ddc$40$6BIO_GASP1_E$70$8BIO$912043$aORPH$bORPH$cKTS1_P$d2020-07-08$eKoopman$i23E30$oBIO GASP1 e$p20128936$r2021-01-12 00:00:00$w2021-01-12$yBOO
=999  \\$d12060

