=LDR  04071cam a2200469 i 4500
=001  12062
=005  20250925143259.0
=008  751028s1976\\\\utua\\\\\b\\\\010\0\eng\\
=020  \\$a0842501010 :$c$24.95
=040  \\$aOI
=041  \\$aeng
=100  \\$4dte$aAlderman, Pauline$d1893-1983$914768
=245  00$aFestival Essays for Pauline Alderman:$bA Musicological Tribute
=260  \\$aProvo, UT$bBrigham Young University Press$c1976
=300  \\$axii-279 pages$bill. ;$c24 cm.
=504  \\$aIncludes bibliographical references.
=505  0\$aMathiesen, T.J. Problems of terminology in ancient Greek theory: APMONIA.--Wingell, R.J. Hucbald of St. Amans and Carolingian music theory--Hultberg, W.E. Diego Pisador's Libro de musica de vihuela (1552)--Tagmann, P.M. The palace church of Santa Barbara in Mantua, and Monteverdi's relationship to its liturgy.--Russell, E. The villancicos in Pedro Rimonte's Parnaso español (1614)--Gillespie, J. Vocally inspired keyboard music.--Catalyne, A.R. Manuel de Zumaya (ca. 1678-1751): Mexican composer for church and theater.--Hsu, D.M. Barthold Feind's Gedancken von der Oper: an early eighteenth-century view of drama and music.--Barnes, C.R. An eighteenth century Parisian Turandot.--Hollis, G.T. The dedications to Algarotti's Saggio sopra l'opera in musica (1754, 1762)--Chusid, M. Goldoni's La putta onorata: some parallels with Beaumarchais' Le marriage de Figaro.--Levarie, S. and Levy, E. Opera.--Termini, O. Five settings of Goethe's Mailied in relation to his concept of the German Lied.--Westrup, J. Some settings of Heine.--Wilcox, G.C. E.T. Pound and unorthodox music notation.--Riedel, J. Henry Russell's American experience.--Pisk, P.A. Dreams of death and life: a study of two songs by Johannes Brahms.--Clarke, H.L. The habitat of homing melody.--Milliman, J. This ae nighte: theme and variations on the Lyke-wake dirge.--Stevens, H. The baroque and composers of the 20th century.--Watanabe, R. The musicologist in the research library.
=600  \0$aMonteverdi, Claudio$d1567-1643$1http://www.wikidata.org/entity/Q53068$910794
=600  \0$aFeind, Barthold$d1678-1721$1http://www.wikidata.org/entity/Q809288$98587
=600  \0$aAlgarotti, Francesco$d1712-1764$1http://www.wikidata.org/entity/Q439081$94948
=600  \0$aGoldoni, Carlo$d1707-1793$1http://www.wikidata.org/entity/Q165534$911653
=600  \0$aBeaumarchais, Pierre-Augustin Caron de$d1732-1799$1http://www.wikidata.org/entity/Q70326$95190
=600  \0$aGoethe, Johann Wolfgang von$d1749-1832$1http://www.wikidata.org/entity/Q5879$911175
=600  \0$aHeine, Heinrich$d1797-1856$1http://www.wikidata.org/entity/Q44403$98609
=610  \0$aBasilica Palatina di Santa Barbara (Mantua, Italy)$1http://www.wikidata.org/entity/Q3635635$922548
=648  \0$aClassical Antiquity (8th Century BC-6th Century AD)$1http://www.wikidata.org/entity/Q486761$921435
=648  \0$a16th Century (1501-1600)$1http://www.wikidata.org/entity/Q7017$920944
=648  \0$a17th Century (1601-1700)$1http://www.wikidata.org/entity/Q7016$920923
=648  \0$a18th Century (1701-1800)$1http://www.wikidata.org/entity/Q7015$920899
=648  \0$a19th Century (1801-1900)$1http://www.wikidata.org/entity/Q6955$920935
=648  \0$a20th Century (1901-2000)$1http://www.wikidata.org/entity/Q6927$920936
=650  \0$aMusic history$1http://www.wikidata.org/entity/Q846047$921373
=650  \0$aMusic theory$1http://www.wikidata.org/entity/Q193544$92662
=650  \0$aVihuela$1http://www.wikidata.org/entity/Q751884$92712
=650  \0$aVillancico$1http://www.wikidata.org/entity/Q1232283$92371
=650  \0$aBaroque$1http://www.wikidata.org/entity/Q37853$921255
=650  \0$aSong$1http://www.wikidata.org/entity/Q7366$94164
=651  \0$aSpain$1http://www.wikidata.org/entity/Q29$920983
=700  \\$aKarson, Burton L.$4edt$914769
=942  \\$cBOO
=952  \\$00$10$2ddc$40$6REF_4_000000000000000_ALDE$70$8REF$912045$aORPH$bORPH$cKM12_1$d2020-07-08$eKoopman$i23E34$l2$oREF4 ALDE$p20128932$r2022-08-10 00:00:00$s2022-08-09$w2021-01-12$yBOO
=999  \\$d12062

