=LDR  01590nam a2200325 i 4500
=001  12063
=005  20250121142128.0
=008  770520s1977\\\\-usaf\\\\b\\\\000\0\eng\\
=041  \\$aeng
=100  \\$aRipin, Edwin M.$4aut$913565
=245  00$aKeyboard instruments.$bStudies in Keyboard Organology, 1500-1800
=250  \\$a2d, rev., enlarged ed.
=260  \\$aNew York$bDover Publications$c1977
=300  \\$avi-86 pages-30 pages of plates
=490  0\$aThe Dover series of study editions, chamber music, orchestral works, operas in full score
=504  \\$aIncludes bibliographical references.
=561  \\$aEx Libris Ton Koopman
=648  \0$a16th Century (1501-1600)$1http://www.wikidata.org/entity/Q7017$920944
=648  \0$a17th Century (1601-1700)$1http://www.wikidata.org/entity/Q7016$920923
=648  \0$a18th Century (1701-1800)$1http://www.wikidata.org/entity/Q7015$920899
=648  \0$a19th Century (1801-1900)$1http://www.wikidata.org/entity/Q6955$920935
=650  \0$aKeyboard instrument$1http://www.wikidata.org/entity/Q52954$92849
=650  \0$aOrganology$1http://www.wikidata.org/entity/Q899293$921400
=650  \0$aKeyboard music$1http://www.wikidata.org/entity/Q105715630$921412
=651  \0$aItaly$1http://www.wikidata.org/entity/Q38$922
=651  \0$aFlanders (Belgium)$1http://www.wikidata.org/entity/Q234$989
=651  \0$aUnited Kingdom$1http://www.wikidata.org/entity/Q21$9273
=942  \\$cBOO
=952  \\$00$10$2ddc$40$6INS_3A$70$8INS$912046$aORPH$bORPH$cKTS0$d2020-07-08$eKoopman$i23E41$oINS3a$p20128925$r2021-01-12 00:00:00$w2021-01-12$yBOO
=999  \\$d12063

