=LDR  02084cam a2200325 a 4500
=001  12067
=005  20250121142128.0
=008  840425s1983\\\\fr\a\\\\\bc\\\000\0\fre\\
=020  \\$a2903128022
=040  \\$aOI
=245  00$aRameau :$ble coloris instrumental
=260  \\$aParis$bMusée Instrumental du Conservatoire national supérieur de musique de Paris$c1983
=300  \\$a127 p. :$bill. ;$c25 cm.
=504  \\$aBibliography: p. 119-120.
=504  \\$aDiscography: p. 120-127.
=505  0\$a"Dialogue sur le coloris" / Florence Gétreau -- Les instruments de musique au temps de Rameau / Josiane Bran-Ricci -- Luthiers, faiseurs d'instruments à vent et facteurs de clavecins à Paris, 1700-1770 / Florence Gétreau -- Rameau et la manière d'accorder / Pierre-Yves Asselin -- L'orchestre de l'opéra de Rameau / Sylvette Milliot -- Scénographie des opéras de Rameau représentés à Paris du vivant du compositeur / Jérôme de La Gorce -- La couleur des vêtements au XVIIIe siècle / Yvonne Deslandres.
=590  \\$a[Exhibition] Octobre-décembre 1983
=600  \0$aRameau, Jean-Philippe$d1683-1764$1http://www.wikidata.org/entity/Q1145$94787
=648  \0$a18th Century (1701-1800)$1http://www.wikidata.org/entity/Q7015$920899
=650  \0$aOrchestration$1http://www.wikidata.org/entity/Q3367000$921045
=650  \0$aOrganology$1http://www.wikidata.org/entity/Q899293$921400
=650  \0$aTuning$1http://www.wikidata.org/entity/Q858576$921655
=650  \0$aStaging$1http://www.wikidata.org/entity/Q3508687$922118
=650  \0$aFashion$1http://www.wikidata.org/entity/Q12684$922591
=651  \0$aFrance$1http://www.wikidata.org/entity/Q142$9131
=700  \\$aGétreau, Florence$919138
=942  \\$cBOO
=952  \\$00$10$2ddc$40$6BIO_RAME_E$70$8BIO$910293$aORPH$bORPH$cKTS1_P$d2020-07-08$eKoopman$i43F21$oBIO RAME e$p20126459$r2021-01-12 00:00:00$w2021-01-12$yBOO$OKoopman
=952  \\$00$10$2ddc$40$6BIO_RAME_E$70$8BIO$912050$aORPH$bORPH$cKTS1_P$d2020-07-08$eKoopman$i23F28$l1$m2$oBIO RAME e$p20128677$r2021-12-21 00:00:00$s2021-11-08$w2021-01-12$yBOO
=999  \\$d12067

