=LDR  01335nam a2200301 a 4500
=001  12069
=005  20250702105326.0
=008  871026s1986\\\\it\a\\\\\b\\\\101\0\ita\\
=020  \\$a8870000877
=040  \\$aOI
=041  \\$aita
=245  10$aGiuseppe Sarti musicista faentino.$bAtti del Convegno internazionale, Faenza, 25-27 novembre 1983
=260  \\$aModena$bMucchi$c1986
=300  \\$a283 pages$billustrations, music examples$c25 cm
=490  \\$aSocietà e cultura del Settecento in Emilia e Romagna
=504  \\$aBibliography: p. 267-274.
=600  \0$aSarti, Giuseppe$d1729-1802$1http://www.wikidata.org/entity/Q455199$95360
=648  \0$a18th Century (1701-1800)$1http://www.wikidata.org/entity/Q7015$920899
=650  \0$aComposer$1http://www.wikidata.org/entity/Q36834$93625
=650  \0$aOpera$1http://www.wikidata.org/entity/Q1344$92468
=650  \0$aMusic history$1http://www.wikidata.org/entity/Q846047$921373
=651  \0$aItaly$1http://www.wikidata.org/entity/Q38$922
=651  \0$aRussia$1http://www.wikidata.org/entity/Q159$921008
=700  \\$aBaroni, Mario$4edt$915710
=700  \\$aTavoni, Maria Gioia$4edt$914773
=942  \\$cBOO
=952  \\$00$10$2ddc$40$6BIO_SART_E$70$8BIO$912052$aORPH$bORPH$cKTS1_P$d2020-07-08$eKoopman$i23F32$l0$oBIO SART e$p20128673$r2021-01-12 00:00:00$w2021-01-12$yBOO
=999  \\$d12069

