=LDR  00368    a2200109   4500
=001  12070
=020  \\$a3873973308
=245  \\$aZur Aufführungspraxis der Werke
=260  \\$c1981
=942  \\$cBOO
=952  \\$00$10$2ddc$40$6BIO_SCHU1_E$70$8BIO$912053$aORPH$bORPH$cKTS1_P$d2020-07-08$eKoopman$i23F34$l0$oBIO SCHU1 e$p20128669$r2021-01-12 00:00:00$w2021-01-12$yBOO$OKoopman
=999  \\$c12070$d12070

