=LDR  01421nam a2200313 a 4500
=001  12072
=005  20251003085459.0
=008  830809s1982\\\\sw\a\\\\\bi\\\000\0bswe\\
=020  \\$a9185428264
=040  \\$aOI
=041  \\$aswe
=100  \\$aNordenfelt-Åberg, Eva$d-1936$4aut$914774
=245  10$aHinrich Philip Johnsen
=260  \\$aStockholm$bKungl. Musikaliska Akademien$c1982
=300  \\$a113 p. :$bill. ;$c24 cm.
=490  \\$aKungl. Musikaliska akademiens skriftserie$v36
=504  \\$aIncludes bibliographical references.
=590  \\$aEva Nordenfelt-Åberg. biografi och verkförteckning ; Hans Eppstein, kompositionerna.
=600  \0$aJohnsen, Hinrich Philip$d1717-1779$1http://www.wikidata.org/entity/Q1606254$914775
=648  \0$a18th Century (1701-1800)$1http://www.wikidata.org/entity/Q7015$920899
=650  \0$aBiography$1http://www.wikidata.org/entity/Q36279$91927
=650  \0$aMusic history$1http://www.wikidata.org/entity/Q846047$921373
=650  \0$aComposer$1http://www.wikidata.org/entity/Q36834$93625
=650  \0$aCatalogue$1http://www.wikidata.org/entity/Q2352616$921484
=651  \0$aSweden$1http://www.wikidata.org/entity/Q34$9275
=700  \\$aEppstein, Hans$d1911-2008$4aut$914776
=942  \\$cBOO
=952  \\$00$10$2ddc$40$6BIO_JOHN_D$70$8BIO$912055$aORPH$bORPH$cKTS1_P$d2020-07-08$eKoopman$i23F48$l0$oBIO JOHN d$p20128659$r2021-01-12 00:00:00$w2021-01-12$yBOO
=999  \\$c12072$d12072

