=LDR  01882nam a2200289 a 4500
=001  12073
=005  20250120120414.0
=008  810612s1981\\\\gw\a\\\\\bc\\\000\0bger\\
=020  \\$a3923082002
=040  \\$aOI
=041  \\$ager
=100  \\$4edt$aDieterle, Reinhard$d1932-$914778
=245  00$aUniversale Bildung im Barock:$bder Gelehrte Athanasius Kircher. Eine Ausstellung der Stadt Rastatt in Zusammenarbeit mit der Badischen Landesbibliothek Karlsruhe. Ausstellungskatalog
=260  \\$aRastatt:$bDie Stadt$c1981
=300  \\$a119 pages$billustrations$c24 cm
=504  \\$a"Chronologie der Werke Athanasius Kirchers": p. 117-119.
=505  \\$gVorwort / G. Römer -- Zum Geleit / F. J. Rothenbiller -- Athanasius Kircher, ein Wissenschaftler der Barockzeit / U. Scharlau -- Athanasius Kircher-Versuch eines Porträts / J. Fletcher -- Statt eines Lebenslaufs-Zeittafel zu Athanasius Kircher / J. Fletcher & G. Römer -- Athanasius Kircher und die deutsche Literatur / J. Fletcher -- Die Gymnasiumbibliothek von Rastatt / R. Dieterle -- Athanasius Kircher im Spiegel der Sekundärliteratur / J. Fletcher -- Die Ausstellung
=590  \\$aherausgegeben von der Stadt Rastatt, unter Mitarbeit von Reinhard Dieterle ... [et al.].
=600  \0$aKircher, Athanasius$d1602-1680$1http://www.wikidata.org/entity/Q76738$97040
=610  \0$aJesuits$1http://www.wikidata.org/entity/Q36380$921140
=648  \0$a17th Century (1601-1700)$1http://www.wikidata.org/entity/Q7016$920923
=650  \0$aIntellectual$1http://www.wikidata.org/entity/Q58968$93616
=651  \0$aGermany$1http://www.wikidata.org/entity/Q183$9155
=651  \0$aRome (Italy)$1http://www.wikidata.org/entity/Q220$949
=942  \\$cBOO
=952  \\$00$10$2ddc$40$6BIO_KIRC_B$70$8BIO$912056$aORPH$bORPH$cKTS1_P$d2020-07-08$eKoopman$i23F52$l0$oBIO KIRC b$p20128655$r2021-01-12 00:00:00$w2021-01-12$yBOO$OKoopman
=999  \\$d12073

