=LDR  01155cam a2200265 a 4500
=001  12074
=008  030404s2002\\\\gw\a\\\\\b\\\\000\0\ger\\
=020  \\$a3364004315
=041  \\$ager
=245  04$aDie Silbermannorgel der Kathedrale zu Dresden
=260  \\$aDresden$bVerlag der Kunst$c2002
=300  \\$a96 pages$bill. (some col.)$c24 cm
=336  \\$aprinted
=504  \\$aIncludes bibliographical references.
=600  \0$aSilbermann, Gottfried$d1683-1753$1http://www.wikidata.org/entity/Q61720$914779
=610  \0$aKatholische Hofkirche (Dresden, Germany)$1http://www.wikidata.org/entity/Q666935$922947
=650  \0$aOrgan$1http://www.wikidata.org/entity/Q1444$92810
=650  20$aChurch$1http://www.wikidata.org/entity/Q16970$93776
=651  20$aDresden (Germany)$1http://www.wikidata.org/entity/Q1731$947
=700  \\$aScholze, Hansjürgen$4edt$914780
=700  \\$aUllmann, Klemens$4edt$914781
=700  \\$aHodick, Horst$4edt$914782
=942  \\$cBOO
=952  \\$00$10$2ddc$40$6INS_3_000000000000000_1D_DE_DRE$70$8INS$912057$aORPH$bORPH$cKTS0$d2020-07-08$eKoopman$i23F53$oINS3.1d DE.DRE$p20128654$r2021-01-12 00:00:00$w2021-01-12$yBOO
=999  \\$d12074

