=LDR  01703cam a2200253 a 4500
=001  12075
=005  20250926134856.0
=008  870604s1985\\\\gw\g\\\\\b\\\\101\0\ger\\
=020  \\$a3761807562 (Deut. Bibl.)
=040  \\$aOI
=111  2\$94711$aBachfest der Neuen Bachgesellschaft$n(58th :$d1983 :$cGraz, Austria)
=245  10$aJohann Sebastian Bach und Johann Joseph Fux :$bBericht über das Symposion anlässlich des 58. Bachfestes der Neuen Bachgesellschaft, 24.-29. Mai 1983 in Graz /$cherausgegeben von Johann Trummer und Rudolf Flotzinger.
=260  \\$aKassel :$bBärenreiter,$c1985.
=300  \\$a100 p. :$bmusic ;$c24 cm.
=504  \\$aIncludes bibliographies and index.
=505  2\$aZum Themenbereich der neueren Bach-Forschung / Hans-Joachim Schulze -- Johann Joseph Fuxens Weg von Hirtenfeld nach Wien / Rudolf Flotzinger -- Bach-Pflege in Graz / Otto Kolleritsch -- Johann Sebastian Bach in der Musikanschauung Friedrich von Hauseggers / Karin Marsoner -- Bach und Fux / Wolfgang Suppan -- Bach und Fux, zwei Stil-Welten? / Othmar Wessely -- Bach und die Fuxsche Lehre / Alfred Mann.
=600  \0$aBach, Johann Sebastian$d1685-1750$1http://www.wikidata.org/entity/Q1339$94766
=600  \0$aFux, Johann Joseph$d1660-1741$1http://www.wikidata.org/entity/Q311378$910900
=700  \\$aTrummer, Johann$914783
=700  \\$aFlotzinger, Rudolf$d1939-$1http://www.wikidata.org/entity/Q115168$99144
=710  \\$aNeue Bachgesellschaft (Leipzig, Germany)$1http://www.wikidata.org/entity/Q318826$91663
=942  \\$cBOO
=952  \\$00$10$2ddc$40$6BIO_BACH1_E$70$8BIO$912058$aORPH$bORPH$cKTS1_P$d2020-07-08$eKoopman$i23F56$oBIO BACH1 e$p20128650$r2021-01-12 00:00:00$w2021-01-12$yBOO
=999  \\$c12075$d12075

