=LDR  02974aam a2200349   4500
=001  12076
=008  220905b1985\\\\|||go|||\||||\00|\0bfre\d
=020  \\$a290613600X
=041  \\$afre
=110  \\$4edt$aSociété de musique ancienne de Nice (France)$91688
=245  \\$aDomenico Scarlatti :$b13 recherches
=260  \\$aNice$bSociété de musique ancienne de Nice$c1985
=300  \\$a128 pages
=490  \\$aCahiers de la société de musique ancienne de Nice$v1
=505  \\$gAvant-Propos / Nicole Janicaud -- Préludes / Jacques Charpentier, Scott Ross -- Alessandro et Domenico Scarlatti : biographie assortie de quelques considérations musicales / Roberto Pagano -- L'Espagne de Domenico Scarlatti / Nelly Clemessy -- Domenico Scarlatti et Filippo Juvarra : questions sur quelques affinités de composition -- Les certitudes ambiguës : Farinelli et les manuscrits italiens des sonates / Laura Alvini -- Hypothèses à propos de l'ordre des sonates dans les manuscrits vénitiens / Emilia Fadini -- Les formes des sonates : compléments aux analyses de Ralph Kirkpatrick / Alain de Chambure -- La pratique de la modulation dans les sonates de Domenico Scarlatti / Arthur Haas -- La portée de l'influence andalouse chez Scarlatti / Jane Clark -- Approche statistique des sonates / Christophe Rousset -- Le clavecin de Domenico Scarlatti -- Autour de la musique sacrée de Domenico Scarlatti / Eveline Andreani -- La messe en ré majeur pour chœurs et orchestre dite de Aránzazu / Miguel Alonso-Gomez -- La vocalité italienne au temps de Scarlatti / Nella Anfuso -- Scarlatti et la France-Postface pour l'édition du tricentenaire / Kenneth Gilbert
=600  \0$aScarlatti, Domenico$d1685-1757$1http://www.wikidata.org/entity/Q167837$95383
=600  \0$aJuvarra, Filippo$d1678-1736$1http://www.wikidata.org/entity/Q85000$921279
=600  00$aFarinelli, Carlo Broschi$d1705-1782$99384
=610  \0$aScarlatti family$1http://www.wikidata.org/entity/Q21501721$923643
=648  \0$a18th Century (1701-1800)$1http://www.wikidata.org/entity/Q7015$920899
=650  \0$aComposer$1http://www.wikidata.org/entity/Q36834$93625
=650  \0$aKeyboard music$1http://www.wikidata.org/entity/Q105715630$921412
=650  \0$aSonata$1http://www.wikidata.org/entity/Q131269$921653
=650  \0$aManuscript$1http://www.wikidata.org/entity/Q87167$92275
=650  \0$aMusical analysis$1http://www.wikidata.org/entity/Q1544924$92775
=651  \0$aSpain$1http://www.wikidata.org/entity/Q29$920983
=700  \\$4ctb$aRoss, Scott$d1951-1989$1http://www.wikidata.org/entity/Q965301$920890
=700  \\$4ctb$aRousset, Christophe$d1961-$1http://www.wikidata.org/entity/Q590410$923349
=700  \\$4ctb$aGilbert, Kenneth$d1931-2020$1http://www.wikidata.org/entity/Q563321$924828
=942  \\$cBOO
=952  \\$00$10$2ddc$40$6BIO_SCAR2_E$70$8BIO$912059$aORPH$bORPH$cKTS1_P$d2020-07-08$eKoopman$i23G19$oBIO SCAR2 e$p20125761$r2021-01-12 00:00:00$w2021-01-12$yBOO$OKoopman
=999  \\$d12076

