=LDR  01099aam a2200229   4500
=001  12077
=008  230224r19751969|||a||||\||||\00|\0ddut\d
=041  \\$adut$ager
=245  \\$aArp Schnitger (1648-1719). En zijn werk in het Groningerland
=260  \\$aGroningen$bStichting Groningen Orgelland$c1975
=300  \\$a104 pages
=600  \0$aSchnitger, Arp$d1648-1719$1http://www.wikidata.org/entity/Q60787$910906
=648  \0$a17th Century (1601-1700)$1http://www.wikidata.org/entity/Q7016$920923
=648  \0$a18th Century (1701-1800)$1http://www.wikidata.org/entity/Q7015$920899
=650  \0$aOrganology$1http://www.wikidata.org/entity/Q899293$921400
=650  \0$aOrgan$1http://www.wikidata.org/entity/Q1444$92810
=651  \0$aGroningen (Netherlands)$1http://www.wikidata.org/entity/Q749$922634
=700  \\$4edt$aEdskes, Cornelius H.$910670
=700  \\$4ctb$926088$aKonig, Rense
=942  \\$cBOO
=952  \\$00$10$2ddc$40$6INS_3_000000000000000_1B_SCHN$70$8INS$912060$aORPH$bORPH$cKTS0$d2020-07-08$eKoopman$i23G25$l0$oINS3.1b SCHN$p20125756$r2021-01-12 00:00:00$w2021-01-12$yBOO$OKoopman
=999  \\$d12077

