=LDR  00840aam a2200181   4500
=001  12078
=008  250129s1984\\\\||||||||\||||\00|\0bger\d
=041  \\$ager
=245  \\$aJosquin des Prez, ein Musiker der Renaissance.$bKonzerte, Vorträge, Diskussionen, Köln, 11.-15. Juli 1984
=260  \\$aCologne$bWDR$c1984
=500  \\$aProgram booklet
=600  \0$aJosquin Desprez$d1450?-1521$1http://www.wikidata.org/entity/Q143100$918229
=648  \0$aRenaissance (1400-1600)$1http://www.wikidata.org/entity/Q4692$920965
=650  \0$aComposer$1http://www.wikidata.org/entity/Q36834$93625
=650  \0$aConcert$1http://www.wikidata.org/entity/Q182832$921044
=942  \\$cBOO
=952  \\$00$10$2ddc$40$6BIO_JOSQ_C$70$8BIO$912061$aORPH$bORPH$cKTS1_P$d2020-07-08$eKoopman$i23G34$oBIO JOSQ c$p20125747$r2021-01-12 00:00:00$w2021-01-12$yBOO$OKoopman
=999  \\$d12078

