=LDR  01325cam a22002894a 4500
=001  12080
=005  20250121142128.0
=008  980223s1997\\\\gw\a\\\\\b\\\\101\0\ger\c
=020  \\$a3932090144
=040  \\$aOI
=041  \\$ager
=245  00$aTelemanns Auftrags- und Gelegenheitswerke:$bFunktion, Wert, und Bedeutung
=260  \\$aOschersleben$bZiethen$c1997
=300  \\$a271 pages$bill. ;$c21 cm.
=490  \\$aTelemann-Konferenzberichte$v10
=590  \\$aBericht über die internationale wissenschaftliche Konferenz anlässlich der 10. Magdeburger Telemann-Festtage, Magdeburg, 14. bis 16. März 1990
=600  \0$aTelemann, Georg Philipp$d1681-1767$1http://www.wikidata.org/entity/Q75854$99287
=648  \0$a18th Century (1701-1800)$1http://www.wikidata.org/entity/Q7015$920899
=650  \0$aMusic history$1http://www.wikidata.org/entity/Q846047$921373
=651  \0$aGermany$1http://www.wikidata.org/entity/Q183$9155
=700  \\$aHobohm, Wolf$4edt$99448
=700  \\$aLange, Carsten$4edt$914686
=700  \\$aReipsch, Brit$4edt$910879
=700  \\$aBaselt, Bernd$d1934-1993$4edt$1http://www.wikidata.org/entity/Q75130$914558
=942  \\$cBOO
=952  \\$00$10$2ddc$40$6BIO_TELE_E$70$8BIO$912063$aORPH$bORPH$cKTS1_P$d2020-07-08$eKoopman$i23G55$oBIO TELE e$p20125722$r2021-01-12 00:00:00$w2021-01-12$yBOO
=999  \\$d12080

