=LDR  00975cam a2200229 a 4500
=001  12081
=005  20250120120103.0
=008  870320s1985\\\\fr\af\\\\b\\\\100\0\fre\\
=041  \\$afre
=245  02$aL'Orgue français classique.$bActes du colloque de Souvigny, 3 août 1983 
=260  \\$aSouvigny $bAssociation Saint-Marc$c1985
=300  \\$a223 pages-xvi pages of plates (1 folded) $bill. $c22 cm
=336  \\$aprinted
=504  \\$aIncludes bibliographical references.
=650  \0$aOrganology$1http://www.wikidata.org/entity/Q899293$921400
=650  \0$aOrgan$1http://www.wikidata.org/entity/Q1444$92810
=651  \0$aFrance$1http://www.wikidata.org/entity/Q142$9131
=700  \\$aDelorme, Henri$4edt$914784
=710  \\$aAssociation Saint-Marc (Souvigny, France)$91664
=942  \\$cBOO
=952  \\$00$10$2ddc$40$6INS_3_000000000000000_1A_FR$70$8INS$912064$aORPH$bORPH$cKTS0$d2020-07-08$eKoopman$i24A08$oINS3.1a FR$p20128720$r2021-01-12 00:00:00$w2021-01-12$yBOO
=999  \\$d12081

