=LDR  00652    a2200169   4500
=001  12082
=008  231005b\\\\\\\\||||||||\||||\00|\0\###\d
=041  \\$adut
=100  \\$4aut$94793$aVarious
=245  \\$aNederlandse Orgelpracht
=260  \\$c1961$aHaarlem$bTjeenk Willink & zoon
=300  \\$a190 pages
=650  \0$1http://www.wikidata.org/entity/Q1444$aOrgan$92810
=650  \0$1http://www.wikidata.org/entity/Q899293$aOrganology$921400
=942  \\$cBOO
=952  \\$00$10$2ddc$40$6INS_3_000000000000000_1A_NL_HAA$70$8INS$912065$aORPH$bORPH$cKTS0$d2020-07-08$eKoopman$i24A17$l0$oINS3.1a NL.HAA$p20128711$r2021-01-12 00:00:00$w2021-01-12$yBOO$OKoopman
=999  \\$d12082

