=LDR  00852    a2200193   4500
=001  12083
=008  220415s1979\\\\gw\af|||\||||\00|\0\ger\d
=041  \\$ager
=100  \\$4aut$aVarious$94793
=245  \\$a500 Jahre Kempener Orgeln. $bZur Einweihung der neuen Orgel in der Propsteikirche St. Marien Kampen/Niederrhein am 22. September 1979
=260  \\$c1979$aKempen$bOrgelbau-Verein Kempen
=300  \\$a42 pages
=336  \\$aprinted
=650  \0$aOrgan$1http://www.wikidata.org/entity/Q1444$92810
=650  \0$aOrganology$1http://www.wikidata.org/entity/Q899293$921400
=651  \0$aKempen (Germany)$1http://www.wikidata.org/entity/Q14929$923933
=942  \\$cBOO
=952  \\$00$10$2ddc$40$6INS_3_000000000000000_1E_DE_KEM$70$8INS$912066$aORPH$bORPH$cKTS0$d2020-07-08$eKoopman$i24A24$oINS3.1e DE.KEM$p20128704$r2021-01-12 00:00:00$w2021-01-12$yBOO
=999  \\$d12083

