=LDR  01157aas a2200193   4500
=001  12086
=008  230331s1986\\\\|||qr|||\||||\00|\0\dut\d
=041  \\$adut
=100  \\$aJespers, Frans$4aut$911872
=245  \\$aBrabants Heem. $bDriemaandelijks Tijdschrift voor Brabantse Heem-en oudheidkunde
=260  \\$aGeldrop$aHeeze$bStichting Brabants Heem$c1986
=490  \\$a37e Jaargang 1985$vNr.4
=505  \\$gContains: Frans Jespers, 'Aanvullingen op het Noordbrabants Orgelrepertorium (I)' (Jg. 37, nr. 4) and  'Aanvullingen op het Noordbrabants Orgelrepertorium (III-slot)' (Jg. 38, nr. 3)

=650  \0$1http://www.wikidata.org/entity/Q1444$aOrgan$92810
=651  \0$aBrabant (Belgium)$1http://www.wikidata.org/entity/Q3051218$924954
=942  \\$cPER
=952  \\$00$10$2ddc$3Jg. 37 nr. 4$40$6INS_3_000000000000000_1A_NL_BRA$70$8INS$912068$aORPH$bORPH$cKTS0$d2020-07-08$eKoopman$i24A55$l0$oINS3.1a NL.BRA$p20145900$r2021-01-12 00:00:00$w2021-01-12$yPER
=952  \\$00$10$2ddc$3Jg. 38 nr. 3$40$6INS_3_000000000000000_1A_NL_BRA$70$8INS$923410$aORPH$bORPH$cKTS0$d2020-07-08$eKoopman$i24A56$l0$oINS3.1a NL.BRA$p20145901$r2024-06-25 00:00:00$w2021-01-12$yPER
=999  \\$d12086

