=LDR  01033cam a2200229 a 4500
=001  12089
=008  851031s1985\\\\gw\af\\\\b\\\\010\0\ger\\
=020  \\$a3761807309
=041  0\$ager
=245  00$aOrgel, Orgelmusik und Orgelspiel.$bFestschrift Michael Schneider zum 75. Geburtstag
=260  \\$aKassel $bBärenreiter$c1985
=300  \\$a188 pages-1 leaf of plates$bill. $c24 cm
=504  \\$aIncludes bibliographical references.
=600  \0$aSchneider, Michael$d1909-1994$914785
=650  \0$aOrgan$1http://www.wikidata.org/entity/Q1444$92810
=650  \0$aOrgan music$1http://www.wikidata.org/entity/Q2003283$91951
=650  \0$aMusic history$1http://www.wikidata.org/entity/Q846047$921373
=700  \\$aSchneider, Michael$d1909-1994$4dte$914785
=700  \\$aWolff, Christoph$d1940-$4edt$1http://www.wikidata.org/entity/Q66488$910387
=942  \\$cBOO
=952  \\$00$10$2ddc$40$6INS_3_000000000000000_1A$70$8INS$912072$aORPH$bORPH$cKTS0$d2020-07-08$eKoopman$i24B32$oINS3.1a$p20128802$r2021-01-12 00:00:00$w2021-01-12$yBOO
=999  \\$d12089

