=LDR  01034cam a2200241 a 4500
=001  12090
=008  950426s1993\\\\ne\a\\\\\b\\\\000\0\dut\\
=020  \\$a9060076532
=041  \\$adut
=245  00$aOrgel Concertgebouw in ere hersteld
=246  17$aConcertgebouw-orgel
=260  \\$aRotterdam $bWyt$c1993
=300  \\$a86 pages$bill. $c23 cm
=504  \\$aIncludes bibliographical references (p. 48).
=610  \0$aConcertgebouw (Amsterdam, Netherlands)$1http://www.wikidata.org/entity/Q849957$91665
=650  \0$aOrgan$1http://www.wikidata.org/entity/Q1444$92810
=650  \0$aOrganology$1http://www.wikidata.org/entity/Q899293$921400
=651  \0$aAmsterdam (Netherlands)$1http://www.wikidata.org/entity/Q727$9135
=700  \\$aIngen Schenau, Karin van$4edt$914786
=700  \\$aBeek, Abram van de$4win$925180
=942  \\$cBOO
=952  \\$00$10$2ddc$40$6INS_3_000000000000000_1E_NL_AMS$70$8INS$912073$aORPH$bORPH$cKTS0$d2020-07-08$eKoopman$i24B57$l0$oINS3.1e NL.AMS$p20128780$r2021-01-12 00:00:00$w2021-01-12$yBOO$OKoopman
=999  \\$d12090

