=LDR  01213    a2200265   4500
=001  12091
=008  220502s1989\\\\gw\a||||\||||\00|\0\ger\d
=041  \\$ager
=100  \\$4aut$aVarious$94793
=245  \\$aDie Holzhey-Orgel in der Klosterkirche Rot an der Rot
=260  \\$c1989$aRot an der Rot
=300  \\$a43 pages
=336  \\$aprinted
=600  \0$aHolzhey, Johann Nepomuk$d1741-1809$911625
=610  \0$aKloster Rot an der Rot (Germany)$91340
=650  \0$aOrgan$1http://www.wikidata.org/entity/Q1444$92810
=650  \0$aOrganology$1http://www.wikidata.org/entity/Q899293$921400
=651  \0$aRot an der Rot (Germany)$1http://www.wikidata.org/entity/Q527998$924062
=700  \\$4ctb$aHöflacher, Ulrich$911624
=700  \\$4ctb$aJäger, Alfred$924060
=700  \\$4ctb$aWeihermüller, Hugo$d-1934$924061
=942  \\$cBOO
=952  \\$00$10$2ddc$40$6INS_3_000000000000000_1E_DE_ROT$70$8INS$912074$aORPH$bORPH$cKTS0$d2020-07-08$eKoopman$i24B60$oINS3.1e DE.ROT$p20128777$r2021-01-12 00:00:00$w2021-01-12$yBOO
=952  \\$00$10$2ddc$40$6INS_3_000000000000000_1E_DE_ROT$70$8INS$923491$aORPH$bORPH$cKTS0$d2020-07-08$eKoopman$i28E27$l0$oINS3.1e DE.ROT$p20130801$r2024-07-09 00:00:00$w2021-01-12$yBOO
=999  \\$d12091

