=LDR  00816    a2200181   4500
=001  12092
=008  220704s1988\\\\fr\f||||\||||\00|\0\fre\d
=041  \\$afre
=245  \\$aL'orgue de la Basilique de Notre-Dame de Beaune
=260  \\$c1988$aBeaune$bHéry & Granjon
=300  \\$a32 pages
=650  \0$aOrgan$1http://www.wikidata.org/entity/Q1444$92810
=650  \0$aOrganology$1http://www.wikidata.org/entity/Q899293$921400
=651  \0$aBeaune (France)$1http://www.wikidata.org/entity/Q16121$924485
=710  \\$4edt$aBasilique Notre-Dame de Beaune (Beaune, France)$1http://www.wikidata.org/entity/Q2002381$924484
=942  \\$cBOO
=952  \\$00$10$2ddc$40$6INS_3_000000000000000_1E_FR_BEA$70$8INS$912075$aORPH$bORPH$cKTS0$d2020-07-08$eKoopman$i24B63$oINS3.1e FR.BEA$p20128774$r2021-01-12 00:00:00$w2021-01-12$yBOO
=999  \\$d12092

