=LDR  00649    a2200157   4500
=001  12093
=008  230413s1996\\\\-ukf||||\||||\00|\0\eng\d
=020  \\$a0906894247
=041  \\$aeng
=100  \\$4aut$aVarious
=245  \\$aFanfare for an Organ-Builder.$bEssays presented to Noel Mander to celebrate the sixtieth anniversary of his commencement in business as an organ builder
=260  \\$c1996$aOxford$bPositif Press
=300  \\$a167 pages
=942  \\$cBOO
=952  \\$00$10$2ddc$40$6INS_3_000000000000000_1B_MAND$70$8INS$912076$aORPH$bORPH$cKTS0$d2020-07-08$eKoopman$i24C09$l0$oINS3.1b MAND$p20129044$r2021-01-12 00:00:00$w2021-01-12$yDIS$OKoopman
=999  \\$d12093

