=LDR  01231aam a2200265   4500
=001  12094
=005  20250917082048.0
=008  220125s1980\\\\fi\a||||\||||\01|\0\fin\d
=020  \\$a9519925600
=041  \\$afin
=059  \\$a368 pages
=100  \\$aForsblom, Enzio$d1920-1996$1http://www.wikidata.org/entity/Q11858056$4dte$941225
=245  \\$aPro Organo Pleno:$bFestskrift till Enzio Forsblom
=260  \\$aHelsinki$bKirjoittajt$c1980
=490  \\$aSibelius-Akademins publikationsserie$vA, 2
=648  \0$a19th Century (1801-1900)$1http://www.wikidata.org/entity/Q6955$920935
=650  \0$aOrgan music$1http://www.wikidata.org/entity/Q2003283$91951
=650  \0$aOrgan$1http://www.wikidata.org/entity/Q1444$92810
=650  \0$aMusic history$1http://www.wikidata.org/entity/Q846047$921373
=650  \0$aHistorically informed performance$1http://www.wikidata.org/entity/Q1344860$920980
=700  \\$aMurto, Seppo$1http://www.wikidata.org/entity/Q16988469$4edt$927058
=710  \\$4edt$aSibelius-Akatemia (Helsinki, Finland)$923563
=942  \\$cBOO
=952  \\$00$10$2ddc$40$6INS_3_000000000000000_1D$70$8INS$912077$aORPH$bORPH$cKTS0$d2020-07-08$eKoopman$i24C10$oINS3.1d$p20129056$r2021-01-12 00:00:00$w2021-01-12$yBOO
=999  \\$d12094

