=LDR  00987    a2200205   4500
=001  12098
=008  220617s1986\\\\it\f||||\||||\00|\0\ita\d
=041  \\$aita
=110  \\$4edt$aChiesa di Sant'Ambrogio di Fiera (Treviso, Italy)$924411
=245  \\$aRestauro dell'organo di G. Callido e di tre tele del Settecento
=260  \\$c1986$aTreviso$bMartini
=300  \\$a63 pages
=610  \0$aChiesa di Sant'Ambrogio di Fiera (Treviso, Italy)$1http://www.wikidata.org/entity/Q3672370$924411
=648  \0$a18th Century (1701-1800)$1http://www.wikidata.org/entity/Q7015$920899
=650  \0$aOrgan$1http://www.wikidata.org/entity/Q1444$92810
=650  \0$aOrganology$1http://www.wikidata.org/entity/Q899293$921400
=651  \0$aTreviso (Italy)$1http://www.wikidata.org/entity/Q5475$924410
=942  \\$cBOO
=952  \\$00$10$2ddc$40$6INS_3_000000000000000_1E_IT_TRE2$70$8INS$912081$aORPH$bORPH$cKTS0$d2020-07-08$eKoopman$i24C36$oINS3.1e IT.TRE2$p20129022$r2021-01-12 00:00:00$w2021-01-12$yBOO
=999  \\$d12098

