=LDR  00698    a2200169   4500
=001  12102
=008  220705s1995\\\\it\f||||\||||\00|\0\ita\d
=041  \\$aita
=100  \\$4aut$aVarious$94793
=245  \\$aItinerario Organistico nelle Chiese di Pavia
=260  \\$c1995$aPavia$bGuardamagna
=650  \0$aOrgan$1http://www.wikidata.org/entity/Q1444$92810
=650  \0$aOrganology$1http://www.wikidata.org/entity/Q899293$921400
=651  \0$aPavia (Italy)$1http://www.wikidata.org/entity/Q6259$924502
=942  \\$cBOO
=952  \\$00$10$2ddc$40$6INS_3_000000000000000_1A_IT_PAV$70$8INS$912085$aORPH$bORPH$cKTS0$d2020-07-08$eKoopman$i24C48$oINS3.1a IT.PAV$p20129004$r2021-01-12 00:00:00$w2021-01-12$yBOO
=999  \\$d12102

