=LDR  01169aam a2200253   4500
=001  12105
=005  20250925143259.0
=008  220909s1998\\\\sw\afo||\||||\00|\0\ger\d
=041  \\$ager
=110  \\$4edt$aOrgelbau Felsberg AG (Felsberg, Switzerland)$91205
=245  \\$a30 Jahre Orgelbau Felsberg AG 1968-1998. 100 Jahre Orgelbau in Felsberg 1898-1998
=260  \\$aFelsberg$bOrgelbau Felsberg$c1998
=300  \\$a70 pages
=610  \0$aOrgelbau Felsberg AG (Felsberg, Switzerland)$91205
=648  \0$a20th Century (1901-2000)$1http://www.wikidata.org/entity/Q6927$920936
=650  \0$aOrgan$1http://www.wikidata.org/entity/Q1444$92810
=650  \0$aOrgan shutter$922815
=650  \0$aMechanical device$1http://www.wikidata.org/entity/Q1882685$92247
=650  \0$aOrganology$1http://www.wikidata.org/entity/Q899293$921400
=651  \0$aFelsberg (Switzerland)$1http://www.wikidata.org/entity/Q64961$924865
=700  \\$4pht$aFreytag, Richard$925880
=942  \\$cBOO
=952  \\$00$10$2ddc$40$6INS_3_000000000000000_1B_FELS$70$8INS$912088$aORPH$bORPH$cKTS0$d2020-07-08$eKoopman$i24C57$l0$oINS3.1b FELS$p20128995$r2021-01-12 00:00:00$w2021-01-12$yBOO$OKoopman
=999  \\$d12105

