=LDR  00866    a2200193   4500
=001  12107
=008  210310b\\\\\\\\be\|||||\||||\00|\0\eng\d
=020  \\$a9789053564424
=041  \\$adut
=100  \\$aErenstein, R. L.$4edt$eEditor$920929
=245  \\$aEen Theatergeschiedenis der Nederlanden:$bTien eeuwen drama en theater in Nederland en Vlaanderen
=260  \\$c1996$aAmsterdam$bAmsterdam University Press
=300  \\$a915 p.
=651  \0$aNetherlands$1http://www.wikidata.org/entity/Q55$9173
=651  \0$aFlanders (Belgium)$1http://www.wikidata.org/entity/Q234$989
=942  \\$cBOO
=952  \\$00$10$2ddc$40$6TOP_NL_0_000000000000000$70$8TOP$912090$aORPH$bORPH$cKTS0$d2020-07-08$eKoopman$g49.00$i24G20$l4$oTOP NL 0$p20128979$r2021-03-10 00:00:00$s2021-03-01$w2021-01-12$yBOO
=999  \\$c12107$d12107
=650  \0$aTheater history$1http://www.wikidata.org/entity/Q1061140$94607

