=LDR  01050aam a2200217   4500
=001  12113
=008  220517s1997\\\\fr\f||||\||||\00|\0\fre\d
=041  \\$afre
=100  \\$aIsnard, J.$4edt$941090
=245  \\$aLe Grand-orgue 'Dom Bedos'
=260  \\$aBordeaux$bDirection régionale des affaires culturelles d'Aquitanie$c1997
=300  \\$a49 pages
=600  \0$aDom Bédos de Celles$d1709-1779$1http://www.wikidata.org/entity/Q928760$95880
=610  \0$aAbbaye de Saint-Croix (Bordeaux, France)$1http://www.wikidata.org/entity/Q1064995$924218
=648  \0$a18th Century (1701-1800)$1http://www.wikidata.org/entity/Q7015$920899
=650  \0$aOrgan$1http://www.wikidata.org/entity/Q1444$92810
=650  \0$aOrganology$1http://www.wikidata.org/entity/Q899293$921400
=651  \0$aBordeaux (France)$1http://www.wikidata.org/entity/Q1479$924219
=942  \\$cBOO
=952  \\$00$10$2ddc$40$6INS_3_000000000000000_1E_FR_BOR$70$8INS$912096$aORPH$bORPH$cLOC_UNK$d2020-07-08$eKoopman$i24D32$oINS3.1e FR.BOR$p20129104$r2021-01-12 00:00:00$w2021-01-12$yBOO
=999  \\$d12113

