=LDR  02080aam a2200313   4500
=001  12114
=008  250127s1962\\\\|||g||||\||||\000\0dger\d
=041  \\$ager
=100  \\$aArro, Elmar $d1899-1985$4win$4edt$4aut$939580
=110  \\$4edt$939577$aJohann-Gottfried-Herder-Forschungsstelle für Musikgeschichte (Kiel, Germany)
=245  \\$aMusik des Ostens$b1 & 2
=260  \\$c1962$c1963$aKassel$bBärenreiter
=300  \\$a2 vols. (218+234 pages)
=490  \\$aSammelbände für historische und vergleichende Forschung$v1 & 2
=500  \\$aFrom 1968 Estonian musicologist Arro began teaching at the German University of Kiel. He participated in the founding of the Ost-Europa Institut, which has since become the J. G. Herder Forschungsstelle für Musikgeschichte. He then moved to Vienna where he wrote articles on Russian and Eastern European music in various musical magazines. He founded and directed the edition of the first four volumes of Musik des Ostens between 1962 and 1967.
=650  \0$aMusic history$1http://www.wikidata.org/entity/Q846047$921373
=651  \0$aGermany$1http://www.wikidata.org/entity/Q183$9155
=651  \0$aPoland$1http://www.wikidata.org/entity/Q36$996
=651  \0$aBohemia (Czech Republic)$1http://www.wikidata.org/entity/Q39193$921054
=651  \0$aSlovakia$1http://www.wikidata.org/entity/Q214$925682
=651  \0$aHungary$1http://www.wikidata.org/entity/Q28$921233
=651  \0$aLithuania$1http://www.wikidata.org/entity/Q37$921701
=651  \0$aRussia$1http://www.wikidata.org/entity/Q159$921008
=651  \0$aDalmatia (Croatia)$1http://www.wikidata.org/entity/Q528042$926392
=651  \0$aFinland$1http://www.wikidata.org/entity/Q33$922680
=942  \\$cBOO
=952  \\$00$10$2ddc$3vol.1$40$6TOP_DE_0_000000000000000$70$8TOP$912097$aORPH$bORPH$cKTS0$d2020-07-08$eKoopman$i24D45$l0$oTOP DE 0$p20129091$r2021-01-12 00:00:00$w2021-01-12$yBOO$OKoopman
=952  \\$00$10$2ddc$3vol.2$40$6TOP_DE_0_000000000000000$70$8TOP$925034$aORPH$bORPH$cKTS0$d2020-07-08$eKoopman$i24D46$l0$oTOP DE 0$r2025-01-28 09:10:59$w2021-01-12$yBOO
=999  \\$d12114

