=LDR  01307cam a2200241 a 4500
=001  12117
=008  840315s1982\\\\\\\afo\\\b\\\\000\0cger\|
=041  \\$ager
=100  \\$aMohaupt, Lutz$1http://www.wikidata.org/entity/Q1878167$4edt$914787
=245  04$aDie Hauptkirche St. Jacobi in Hamburg.$bBaugeschichte, Kunstwerke, Prediger.
=260  \\$aHamburg$bWittig$c1982
=300  \\$a110 pages
=504  \\$aBibliography: p. 109.
=505  \\$gPeter Wiek/Der Kirchenbau und seine Geschichte -- Regina Kroeger/Die Kunstwerke in St. Jacobi -- Herwarth von Schade/Die Hauptpastoren der St.-Jacobi-Kirche -- Henning Wendland/Die ehemalige Bibliothek der St.-Jacobi-Kirche
=610  \0$aHauptkirche St. Jacobi (Hamburg, Germany)$1http://www.wikidata.org/entity/Q564532$923918
=650  \0$aBiography$1http://www.wikidata.org/entity/Q36279$91927
=650  \0$aChurch$1http://www.wikidata.org/entity/Q16970$93776
=650  \0$aArchitecture$1http://www.wikidata.org/entity/Q12271$93185
=650  \0$aFine art$1http://www.wikidata.org/entity/Q219625$921579
=651  \0$aHamburg (Germany)$1http://www.wikidata.org/entity/Q1055$921940
=942  \\$cBOO
=952  \\$00$10$2ddc$40$6TOP_DE_HAM$70$8TOP$912100$aORPH$bORPH$cKTS0$d2020-07-08$eKoopman$i24E6$oTOP DE.HAM$p20125945$r2021-01-12 00:00:00$w2021-01-12$yBOO
=999  \\$d12117

