=LDR  00711    a2200181   4500
=001  12118
=008  220704s1984\\\\fr\f||||\||||\00|\0\fre\d
=041  \\$afre
=245  \\$aL'Orgue du temple Saint-Jean de Belfort
=260  \\$cs.d.
=300  \\$a23 pages
=650  \0$aOrgan$1http://www.wikidata.org/entity/Q1444$92810
=650  \0$aOrganology$1http://www.wikidata.org/entity/Q899293$921400
=651  \0$aBelfort (France)$1http://www.wikidata.org/entity/Q171545$924487
=700  \\$4win$aBadet, Bernard$924486
=942  \\$cBOO
=952  \\$00$10$2ddc$40$6INS_3_000000000000000_1E_FR_BEL$70$8INS$912101$aORPH$bORPH$cKTS0$d2020-07-08$eKoopman$i24E11$oINS3.1e FR.BEL$p20125941$r2021-01-12 00:00:00$w2021-01-12$yBOO
=999  \\$d12118

