=LDR  01163cam a22002414a 4500
=001  12120
=008  991027s1999\\\\ne\a\\\\\b\\\\001\0\mul\\
=041  0\$adut$bEng
=245  04$aEen Hollands stadsorgel uit de Gouden Eeuw.$bhet Van Hagerbeer-orgel in de Pieterskerk te Leiden 
=260  \\$aZutphen$bWalburg Pers$c1999
=300  \\$a320 pages$bill. $c25 cm
=490  \\$aNederlandse orgelmonografieën$v3
=504  \\$aIncludes bibliographical references (p. 313-314) and index.
=546  \\$aIn Dutch, with summary in English.
=610  \0$aPieterskerk (Leiden, Netherlands)$1http://www.wikidata.org/entity/Q1537972$91667
=650  \0$aOrgan$1http://www.wikidata.org/entity/Q1444$92810
=650  \0$aOrgan$1http://www.wikidata.org/entity/Q1444$92810
=651  \0$aNetherlands$1http://www.wikidata.org/entity/Q55$9173
=651  \0$aLeiden (Netherlands)$1http://www.wikidata.org/entity/Q43631$978
=700  \\$aCevaal, Willem Jan$4edt$910495
=942  \\$cBOO
=952  \\$00$10$2ddc$40$6INS_3_000000000000000_1E_NL_LEI$70$8INS$912103$aORPH$bORPH$cKTS0$d2020-07-08$eKoopman$i24E25$l0$oINS3.1e NL.LEI$p20125932$r2021-01-12 00:00:00$w2021-01-12$yBOO$OKoopman
=999  \\$d12120

