=LDR  00348    a2200109   4500
=001  12121
=020  \\$a3761811764
=245  \\$aZelenka-Studien I
=260  \\$c1993
=942  \\$cBOO
=952  \\$00$10$2ddc$40$6BIO_ZELE_E$70$8BIO$912104$aORPH$bORPH$cKTS1_P$d2020-07-08$eKoopman$i24E29$oBIO ZELE e$p20125928$r2021-01-12 00:00:00$w2021-01-12$yBOO$OKoopman
=999  \\$c12121$d12121

