=LDR  01361cam a2200277 a 4500
=001  12122
=005  20251103162118.0
=008  860318s1985\\\\\\\afg\\\b\\\\100\0\mul\|
=041  0\$aita$afre
=245  03$aLe Théâtre italien et l'Europe (XVIIe-XVIIIe siècles).$bActes du 2e congrès international, Paris-Fontainebleau, 14-17 octobre, 1982
=260  \\$aFlorence$bOlschki$c1985
=300  \\$axxvii-275 pages-4 pages of plates
=490  1\$aTeatro. Studi e Testi$v4
=504  \\$aIncludes bibliographical references.
=648  \0$a17th Century (1601-1700)$1http://www.wikidata.org/entity/Q7016$920923
=650  \0$aTheater history$1http://www.wikidata.org/entity/Q1061140$94607
=650  \0$aItalian$1http://www.wikidata.org/entity/Q652$924225
=650  \0$aInfluence$1http://www.wikidata.org/entity/Q1307337$1http://www.wikidata.org/entity/Q16578639$922289
=651  \0$aItaly$1http://www.wikidata.org/entity/Q38$922
=651  \0$aEurope$1http://www.wikidata.org/entity/Q46$991
=700  \\$aBec, Christian$914788$4edt
=700  \\$aMamczarz, Irène$914789$4edt
=740  0\$aThéâtre italien et l'Europe, dix-septième-dix-huitième siecles.
=942  \\$cBOO
=952  \\$00$10$2ddc$40$6TOP_IT_5_000000000000000$70$8TOP$912105$aORPH$bORPH$cKTS0$d2020-07-08$eKoopman$i24E37$l0$oTOP IT 5$p20125922$r2021-01-12 00:00:00$w2021-01-12$yBOO$OKoopman
=999  \\$d12122

