=LDR  02392cam a2200361 a 4500
=001  12123
=005  20251003085459.0
=008  860520s1985\\\\gw\aof|\\bc\\\001\0dger\\
=041  \\$ager
=245  00$aStadt im Wandel :$bKunst und Kultur des Bürgertums in Norddeutschland 1150-1650 : Ausstellungskatalog
=260  \\$aStuttgart-Bad Cannstatt$bEdition Cantz$c1985
=300  \\$a4 vols. (1407+712+547 pages)
=500  \\$aExhibition  in Braunschweig, Niedersachsen 1985, 24. August - 24. November
=504  \\$aIncludes bibliographical references and index.
=648  \0$aMiddle Ages (500-1400)$1http://www.wikidata.org/entity/Q12554$920964
=648  \0$aRenaissance (1400-1600)$1http://www.wikidata.org/entity/Q4692$920965
=648  \0$a17th Century (1601-1700)$1http://www.wikidata.org/entity/Q7016$920923
=650  \0$aArchitecture$1http://www.wikidata.org/entity/Q12271$93185
=650  \0$aApplied arts$1http://www.wikidata.org/entity/Q2865882$921627
=650  \0$aFine art$1http://www.wikidata.org/entity/Q219625$921579
=650  \0$aExhibition$1http://www.wikidata.org/entity/Q464980$925353
=650  \0$aCatalogue$1http://www.wikidata.org/entity/Q2352616$1http://www.wikidata.org/entity/Q6941730$921484
=651  \0$aGermany$1http://www.wikidata.org/entity/Q183$9155
=700  \\$aMeckseper, Cord$d1934-$1http://www.wikidata.org/entity/Q17352925$914790$4edt
=710  \\$aBraunschweigisches Landesmuseum (Germany)$91668
=710  \\$aHerzog Anton Ulrich-Museum (Braunschweig, Germany)$1http://www.wikidata.org/entity/Q678082$91669
=710  \\$aDom St. Blasii (Braunschweig, Germany)$91670
=942  \\$cBOO
=952  \\$00$10$2ddc$3vol.4$40$6TOP_DE_3_000000000000000$70$8TOP$912106$aORPH$bORPH$cKTS0$d2020-07-08$eKoopman$i24E42$oTOP DE 3$p20125918$r2021-01-12 00:00:00$w2021-01-12$yBOO$OKoopman
=952  \\$00$10$2ddc$3Vol.3$40$6TOP_DE_3_000000000000000$70$8TOP$912107$aORPH$bORPH$cKTS0$d2020-07-08$eKoopman$i24E42$oTOP DE 3$p20125917$r2021-01-12 00:00:00$w2021-01-12$yBOO$OKoopman
=952  \\$00$10$2ddc$3vol.2$40$6TOP_DE_3_000000000000000$70$8TOP$912108$aORPH$bORPH$cKTS0$d2020-07-08$eKoopman$i24E42$oTOP DE 3$p20125916$r2021-01-12 00:00:00$w2021-01-12$yBOO$OKoopman
=952  \\$00$10$2ddc$3vol.1$40$6TOP_DE_3_000000000000000$70$8TOP$912109$aORPH$bORPH$cKTS0$d2020-07-08$eKoopman$i24E42$oTOP DE 3$p20125915$r2021-01-12 00:00:00$w2021-01-12$yBOO$OKoopman
=999  \\$d12123

