=LDR  00894aam a2200193   4500
=001  12129
=008  220510s1999\\\\sp\a||||\||||\00|\0\spa\d
=041  \\$aspa
=100  \\$4aut$aVarious$94793
=245  \\$aEl organo de Paniza.$bLa reconstruccion de un organo renacentista aragonés
=260  \\$aPaniza$bAyuntamiento de Paniza$c1999
=300  \\$a27 pages
=610  \0$aIglesia de Nuestra Señora de los Ángeles (Paniza, Spain)$1http://www.wikidata.org/entity/Q5641181$924134
=650  \0$aOrgan$1http://www.wikidata.org/entity/Q1444$92810
=650  \0$aOrganology$1http://www.wikidata.org/entity/Q899293$921400
=651  \0$aPaniza (Spain)$1http://www.wikidata.org/entity/Q1640449$924133
=942  \\$cBOO
=952  \\$00$10$2ddc$40$6INS_3_000000000000000_1E_ES_PAN$70$8INS$912112$aORPH$bORPH$cKTS0$d2020-07-08$eKoopman$i24F06$oINS 3.1e ES.PAN$p20125889$r2021-01-12 00:00:00$w2021-01-12$yBOO
=999  \\$d12129

