=LDR  01074    a2200241   4500
=001  12130
=008  210930s1985\\\\fr\af|||\||||\00|\0\fre\d
=041  \\$afre
=245  \\$aInstruments de musique espagnols du XVIe au XIXe siècle
=260  \\$aBrussels$bEuropalia$c1985
=300  \\$a204 pages
=648  \0$a16th Century (1501-1600)$1http://www.wikidata.org/entity/Q7017$920944
=648  \0$a17th Century (1601-1700)$1http://www.wikidata.org/entity/Q7016$920923
=648  \0$a18th Century (1701-1800)$1http://www.wikidata.org/entity/Q7015$920899
=648  \0$a19th Century (1801-1900)$1http://www.wikidata.org/entity/Q6955$920935
=650  \0$aOrganology$1http://www.wikidata.org/entity/Q899293$921400
=651  \0$aSpain$1http://www.wikidata.org/entity/Q29$920983
=700  \\$4cur$aEscalas, Romà$922369
=700  \\$4ctb$aBordas, Cristina$922370
=700  \\$4ctb$aRey, José Juan$922371
=942  \\$cBOO
=952  \\$00$10$2ddc$40$6INS_1A_ES$70$8INS$912113$aORPH$bORPH$cKTS0$d2020-07-08$eKoopman$i24F09$oINS1a ES$p20125886$r2021-01-12 00:00:00$w2021-01-12$yBOO
=999  \\$d12130

