=LDR  01063    a2200229   4500
=001  12131
=008  211220s1975\\\\\\\f||||\||||\00|\0\fre\d
=020  \\$a2222004209
=041  \\$afre
=100  \\$aJacquot, Jean$4edt$911814
=245  \\$aFêtes et cérémonies au temps de Charles Quint
=260  \\$aParis$bÉditions du CNRS$c1975
=300  \\$axlvii+662 pages
=490  \\$aLes Fêtes de la Renaissance$v2
=590  \\$aIIe Congrès de l'Association Internationale des Historiens de la Renaissance (2e Section). Bruxelles, Anvers, Gand, Liège, 2-7 septembre 1957
=600  \0$aCharles V$cHoly Roman Emperor$d1500-1558$1http://www.wikidata.org/entity/Q32500$920948
=648  \0$aRenaissance (1400-1600)$1http://www.wikidata.org/entity/Q4692$920965
=650  \0$aFestival book$1http://www.wikidata.org/entity/Q17590416$922319
=650  \0$aCuckoo$1http://www.wikidata.org/entity/Q18845$922474
=942  \\$cBOO
=952  \\$00$10$2ddc$3II$40$70$8HUM$912114$aORPH$bORPH$cKM12_1$d2020-07-08$eKoopman$i24F13_02$p20125882$r2021-01-12 00:00:00$w2021-01-12$yBOO
=999  \\$d12131

