=LDR  03237aas a2200361   4500
=001  12133
=008  211122c1984\\\\\\\|||||\||||\00|\0\ger\d
=020  \\$a3761807295
=020  \\$a3761807791
=020  \\$a3761810210
=020  \\$a9783525278345
=020  \\$a3761808887
=020  \\$a3761811489
=020  \\$a9783525278215
=041  \\$ager
=245  \\$aGöttinger Händel-Beiträge$nvols. I-V, X, XV
=260  \\$aKassel$bBärenreiter$aGöttingen$bRuprecht & Vandenhoeck$c1984-93; 2004; 2016
=500  \\$aContains an article by Ton Koopman, 'Did Bach and Handel ever meet?' (2016, p. 57)
=520  \\$aDie »Göttinger Händel-Beiträge« sind ein wichtiges Publikationsorgan der internationalen Händelforschung. Es werden nur Originalbeiträge in deutscher und englischer Sprache veröffentlicht. Die einzelnen Bände enthalten außer den Festvorträgen, die während der Göttinger Händel-Festspiele gehalten werden, größere Aufsätze zu Fragen der Überlieferung, Kompositionsweise und Rezeption einzelner Werke oder Werkgruppen Händels. Ihnen schließen sich kleinere Beiträge zu speziellen Fragen und Rezensionen wichtiger neuer Forschungsbeiträge an. Den Abschluss bildet eine Bibliographie der wissenschaftlichen Händel-Literatur der letzten Jahre. Die »Göttinger Händel-Beiträge« sind für den Forscher wie für den Liebhaber Händelscher Musik eine anregende Lektüre und ein unentbehrlicher Ratgeber. Die Göttinger Händel-Beiträge erscheinen seit 1995 (Band VI) im Verlag Vandenhoeck & Ruprecht. Weiterhin sind die Bände I bis V im Bärenreiter-Verlag lieferbar.
=600  \0$aHandel, George Frideric$d1685-1759$1http://www.wikidata.org/entity/Q7302$94765
=648  \0$a18th Century (1701-1800)$1http://www.wikidata.org/entity/Q7015$920899
=650  \0$aComposer$1http://www.wikidata.org/entity/Q36834$93625
=700  \\$4edt$aLütteken, Laurenz$910032
=700  \\$4edt$aSandberger, Wolfgang$d1961-$1http://www.wikidata.org/entity/Q83487968$914877
=942  \\$cPER
=952  \\$00$10$2ddc$3Band XVII$40$6BIO_HAND_F$70$8BIO$911668$aORPH$bORPH$cKTS1_P$d2020-07-08$eKoopman$i46C06$oBIO HAND f$p20127658$r2021-01-12 00:00:00$w2021-01-12$yPER
=952  \\$00$10$2ddc$3Band I$40$6BIO_HAND_F$70$8BIO$912116$aORPH$bORPH$cKTS1_P$d2020-07-08$eKoopman$i24F18-I$oBIO HAND f$p20125876$r2021-01-12 00:00:00$w2021-01-12$yPER
=952  \\$00$10$2ddc$3Band II$40$6BIO_HAND_F$70$8BIO$912117$aORPH$bORPH$cKTS1_P$d2020-07-08$eKoopman$i24F18-II$oBIO HAND f$p20125875$r2021-01-12 00:00:00$w2021-01-12$yPER
=952  \\$00$10$2ddc$3Band III$40$6BIO_HAND_F$70$8BIO$912118$aORPH$bORPH$cKTS1_P$d2020-07-08$eKoopman$i24F18-III$oBIO HAND f$p20125874$r2021-01-12 00:00:00$w2021-01-12$yPER
=952  \\$00$10$2ddc$3Band IV$40$6BIO_HAND_F$70$8BIO$912119$aORPH$bORPH$cKTS1_P$d2020-07-08$eKoopman$i24F18-IV$oBIO HAND f$p20125873$r2021-01-12 00:00:00$w2021-01-12$yPER
=952  \\$00$10$2ddc$3Band V$40$6BIO_HAND_F$70$8BIO$912120$aORPH$bORPH$cKTS1_P$d2020-07-08$eKoopman$i24F18-V$oBIO HAND f$p20125872$r2021-01-12 00:00:00$w2021-01-12$yPER
=952  \\$00$10$2ddc$3Band X$40$6BIO_HAND_F$70$8BIO$912121$aORPH$bORPH$cKTS1_P$d2020-07-08$eKoopman$i24F18-X$oBIO HAND f$p20125865$r2021-01-12 00:00:00$w2021-01-12$yPER
=999  \\$d12133

