=LDR  01116aam a2200229   4500
=001  12141
=005  20251022131647.0
=008  220428|\\\\\\\\gw\af|||\||||\00|\0\ger\d
=041  \\$ager
=245  \\$aMarienorgel Ottobeuren
=260  \\$aAugsburg$bDie Brigg$c1957
=590  \\$aGestiftet vom "Kulturkreis im Bundesverband der Deutsche Industrie"
=600  \0$aRiepp, Karl Joseph$d1710-1775$1http://www.wikidata.org/entity/Q97862$924016
=610  \0$aBenediktiner-Abtei Ottobeuren (Germany)$1http://www.wikidata.org/entity/Q702001$91344
=648  \0$a18th Century (1701-1800)$1http://www.wikidata.org/entity/Q7015$920899
=650  \0$aOrgan$1http://www.wikidata.org/entity/Q1444$92810
=650  \0$aOrganology$1http://www.wikidata.org/entity/Q899293$921400
=650  \0$aMonastery$1http://www.wikidata.org/entity/Q44613$926216
=651  \0$aOttobeuren (Germany)$1http://www.wikidata.org/entity/Q532455$924014
=942  \\$cBOO
=952  \\$00$10$2ddc$40$6INS_3_000000000000000_1E_DE_OTT$70$8INS$912124$aORPH$bORPH$cKTS0$d2020-07-08$eKoopman$i24G05$oINS3.1e DE.OTT$p20125829$r2021-01-12 00:00:00$w2021-01-12$yBOO
=999  \\$d12141

