=LDR  00843aas a2200205   4500
=001  12145
=005  20250925143259.0
=008  211027s1975\\\\|||m||||\||||\00|\0\dut\d
=041  \\$adut
=100  \\$aJacobs, Eugène$4edt$922641
=245  \\$aHarlekijn nieuws$nvol. 5 no. 4$pAmsterdam orgelstad
=260  \\$aWestbroek$bHarlekijn Holland$c1975
=300  \\$a[20] pages
=500  \\$aJournal published by Herman van Veen's record label.
=648  \0$a20th Century (1901-2000)$1http://www.wikidata.org/entity/Q6927$920936
=650  \0$aOrgan$1http://www.wikidata.org/entity/Q1444$92810
=651  \0$aAmsterdam (Netherlands)$1http://www.wikidata.org/entity/Q727$9135
=942  \\$cPER
=952  \\$00$10$2ddc$40$6TOP_NL_AMS$70$8TOP$912128$aORPH$bORPH$cKTS0$d2020-07-08$eKoopman$i24G23$oTOP NL.AMS$p20125812$r2021-01-12 00:00:00$w2021-01-12$yPER
=999  \\$d12145

