=LDR  00697    a2200157   4500
=001  12147
=008  230303s1987\\\\-usaf|||\||||\00|\0\eng\d
=041  \\$aeng
=245  \\$aThe Trinity Church Organ.$bTrinity Episcopal Church. Portland, Oregon. Dedicated September 13, 1987
=260  \\$c1987$aOregon$bs.n.
=610  20$925794$aTrinity Episcopal Church (Portland, United States)
=650  \0$aOrgan$1http://www.wikidata.org/entity/Q1444$92810
=651  \0$aPortland (United States)$925793
=942  \\$cBOO
=952  \\$00$10$2ddc$40$6INS_3_000000000000000_1E_US_POR$70$8INS$912130$aORPH$bORPH$cKTS0$d2020-07-08$eKoopman$i24G28$l0$oINS3.1e US.POR$p20125808$r2021-01-12 00:00:00$w2021-01-12$yBOO$OKoopman
=999  \\$d12147

