=LDR  00828    a2200193   4500
=001  12151
=008  220705s1991\\\\it\f||||\||||\00|\0\ita\d
=041  \\$aita
=100  \\$4aut$aVarious$94793
=245  \\$aSan Simpliciano e il nuovo organo
=260  \\$c1991$aSan Simpliciano$bAmilcare Pizzi
=300  \\$a95 pages
=610  \0$aCasilica di San Simpliciano (Milan, Italy)$1http://www.wikidata.org/entity/Q509104$924506
=650  \0$aOrgan$1http://www.wikidata.org/entity/Q1444$92810
=650  \0$aOrganology$1http://www.wikidata.org/entity/Q899293$921400
=651  \0$aMilan (Italy)$1http://www.wikidata.org/entity/Q490$9271
=942  \\$cBOO
=952  \\$00$10$2ddc$40$6INS_3_000000000000000_1E_IT_MIL$70$8INS$912134$aORPH$bORPH$cKTS0$d2020-07-08$eKoopman$i24G40$oINS3.1e IT.MIL$p20125789$r2021-01-12 00:00:00$w2021-01-12$yBOO
=999  \\$d12151

