=LDR  01102    a2200241   4500
=001  12152
=008  220525s1991\\\\fr\f||||\||||\00|\0\fre\d
=020  \\$a2906700126
=041  \\$afre
=100  \\$4aut$aVarious$94793
=245  \\$aL'Orgue de Jean-Esprit et Joseph Isnard dans la Basilique de la Madeleine a Saint-Maximin, 1744.$bInventaire technique - Restauration - Situation - Rayonnement
=260  \\$c1991$aNice$bArcam
=300  \\$a208 pages
=336  \\$aprinted
=600  \0$aCabourdin, Yves$924287
=610  \0$aBasilique Sainte-Marie-Madeleine (Saint-Maximin-la-Sainte-Baume, France)$924288
=650  \0$aOrganology$1http://www.wikidata.org/entity/Q899293$921400
=650  \0$aOrgan$1http://www.wikidata.org/entity/Q1444$92810
=651  \0$aSaint-Maximin-la-Sainte-Baume (France)$1http://www.wikidata.org/entity/Q848718$924289
=700  \\$4win$aChapuis, Michel$d1930-2017$924235
=942  \\$cBOO
=952  \\$00$10$2ddc$40$6INS_3_000000000000000_1E_FR_SAI2$70$8INS$912135$aORPH$bORPH$cKTS0$d2020-07-08$eKoopman$i24G42$oINS3.1e FR.SAI2$p20129313$r2021-01-12 00:00:00$w2021-01-12$yBOO
=999  \\$d12152

