=LDR  00669    a2200169   4500
=001  12155
=008  221007q1998\\\\nl\\||||\||||\00|\0\dut\d
=041  \\$adut
=245  \\$aTwintig verhalen over het orgel en nog wat.$bDeel 1
=260  \\$c1998
=300  \\$a286 pages
=650  \0$aOrgan$1http://www.wikidata.org/entity/Q1444$92810
=650  \0$aOrganology$1http://www.wikidata.org/entity/Q899293$921400
=651  \0$aNetherlands$1http://www.wikidata.org/entity/Q55$9173
=942  \\$cBOO
=952  \\$00$10$2ddc$40$6INS_3_000000000000000_1A_NL$70$912138$aORPH$bORPH$cKTS0$d2020-07-08$eKoopman$i24G58$l0$oINS3.1a NL$p20129298$r2021-01-12 00:00:00$w2021-01-12$yBOO$OKoopman
=999  \\$d12155

