=LDR  02920aam a2200349   4500
=001  12156
=008  220913s1998\\\\||||||||\||||\00|\0dmul\d
=041  \\$aita$aeng$afre
=245  \\$aCristina di Svezia e la Musica.$bConvegno Internazionale (Roma, 5-6 dicembre 1996)
=260  \\$aRome$bAccademia Nazionale dei Lincei$c1998
=490  \\$aAtti dei Convegni Licei$v138
=505  \\$gMusic at the Swedish Court of Queen Christina / J. Bergsagel (9) -- La reine s'amuse. L'Alcasta di Apolloni e Pasquini al Tordinona (1673) / G. Staffieri (21) -- Cristina di Svezia scenarista per Alessandro Stradella / C. Gianturco (45) -- Ancora su l'opera prima di Scarlatti e la Ragina / F. A. d'Accone (71) -- Cristina di Svezia e gli esordi di Arcangelo Corelli: attorno all'Opera I (1681) / F. Piperno (99) -- Barberini entertainments for Queen Christina's arrival in Rome / F. Hammond (133) -- Bernardo Pasquini all'apogeo della prassi del bassi continuo / L. F. Tagliavini (161) -- Aspetti dell'allestimento scenico a Roma al tempo di Cristina di Svezia / E. Povoledo (169) -- Don Giovanni in Macedonia / R. Raffaelli (217) -- Come Cristina, regina e amante, non fu accolta nel regno delle eroine dell'epoca romantica / G. Morelli (239) -- Christine de Suède et la chapelle pontificale, un espoir déçu ? / J. Lionnet (311) -- Il mecenatismo musicale di Cristina di Svezia. Una riconsiderazione / A. Morelli (321)
=600  \0$aChristina of Sweden$d1626-1689$1http://www.wikidata.org/entity/Q52937$921480
=600  \0$aPasquini, Bernardo$d1637-1710$1http://www.wikidata.org/entity/Q355191$921429
=600  \0$aStradella, Alessandro$d1639-1682$1http://www.wikidata.org/entity/Q314765$911109
=600  \0$aCorelli, Arcangelo$d1653-1713$1http://www.wikidata.org/entity/Q164475$95351
=600  \0$aScarlatti, Alessandro$d1660-1725$1http://www.wikidata.org/entity/Q183087$913800
=610  \0$aBarberini family$1http://www.wikidata.org/entity/Q807815$924913
=648  \0$a17th Century (1601-1700)$1http://www.wikidata.org/entity/Q7016$920923
=650  \0$aMusic history$1http://www.wikidata.org/entity/Q846047$921373
=650  \0$aTheater history$1http://www.wikidata.org/entity/Q1061140$94607
=650  \0$aCourt$922191
=650  \0$aPatronage$1http://www.wikidata.org/entity/Q214092$94245
=650  \0$aOpera$1http://www.wikidata.org/entity/Q1344$92468
=650  \0$aStaging$1http://www.wikidata.org/entity/Q3508687$922118
=650  \0$aBasso continuo$1http://www.wikidata.org/entity/Q724321$921065
=650  \0$aCatholicism$1http://www.wikidata.org/entity/Q1841$921631
=651  \0$aStockholm (Sweden)$1http://www.wikidata.org/entity/Q1754$924507
=651  \0$aRome (Italy)$1http://www.wikidata.org/entity/Q220$949
=942  \\$cBOO
=952  \\$00$10$2ddc$40$6BIO_CHRI_E$70$8BIO$912139$aORPH$bORPH$cKTS1_P$d2020-07-08$eKoopman$i25A04$l0$oBIO CHRI e$p20129167$r2021-01-12 00:00:00$w2021-01-12$yBOO$OKoopman
=999  \\$d12156

