=LDR  00756aam a2200181   4500
=001  12157
=008  250828s1994\\\\|||a||||\||||\00|\0ddut\d
=020  \\$a9066304820
=041  \\$adut
=100  \\$aSchadee, N.$4edt$941089
=245  \\$aRotterdamse Meesters uit de Gouden Eeuw
=260  \\$aZwolle$bWaanders$c1994
=648  \0$a17th Century (1601-1700)$1http://www.wikidata.org/entity/Q7016$920923
=650  \0$aFine art$1http://www.wikidata.org/entity/Q219625$921579
=651  \0$aRotterdam (Netherlands)$1http://www.wikidata.org/entity/Q34370$962
=942  \\$cBOO
=952  \\$00$10$2ddc$40$6TOP_NL_ROT_5_000000000000000$70$8TOP$912140$aORPH$bORPH$cKTS0$d2020-07-08$eKoopman$i25A09$l0$oTOP NL.ROT 5$p20129161$r2021-01-12 00:00:00$w2021-01-12$yBOO$OKoopman
=999  \\$d12157

