=LDR  03205aam a2200421   4500
=001  12158
=008  231208s2008\\\\||||||||\||||\00|\0dger\d
=020  \\$a9783201018975
=041  \\$ager
=100  \\$aZywietz, Michael$4edt$926818
=245  \\$aBuxtehude jenseits der Orgel
=260  \\$aGraz$bAkademische Druck- u. Verlagsanstalt$c2008
=505  \\$gVersuch über die Arie bei Buxtehude: Das Beispiel der Kantate Welt, packe Dich BuxWV.106 / R. Bayreuther -- Form und Funktion kontrapuntischer Kompositionstechniken in den deutschsprachigen Vokalwerken Dieterich Buxtehudes / C. Bettels -- Körperteile - Zu Dieterich Buxtehudes Membra Jesu nostri / M. Glasmeier -- Wer ist Wer? und weitere Rätsel: Zur Diskussion um das sogenannte Buxtehude-Bild von Johannes Voorhout / G. Jaacks -- Buxtehudes Tochter: Zur musikalischen Ausbildung von Mädchen in deutschen Musikerfamilien des 17. Jahrhundert / L. M. Koldau -- Die Tradition des hanseatischen Geigenschule / G. Moens-Haenen -- Die Entdeckung eines "ganz vergessenen genialen Tonkünstlers": Anmerkungen zur Buxtehude-Rezeption / W. Sandberger -- Die Streit zwischen Kosmologie und Harmonie zwischen Robert Fludd und Johannes Kepler / W. Schmidt-Biggemann -- Sprachvertonung und musikalische Rhetorik bei Buxtehude / M. Zywietz
=600  \0$aKepler, Johannes$d1571-1630$1http://www.wikidata.org/entity/Q8963$911985
=600  \0$aFludd, Robert$d1574-1637$1http://www.wikidata.org/entity/Q453697$926803
=600  \0$aBuxtehude, Dietrich$d1637-1707$1http://www.wikidata.org/entity/Q153637$910062
=600  \0$aVoorhout, Johannes$bthe Elder$d1647-1717$1http://www.wikidata.org/entity/Q163501$926819
=610  \0$aHanseatic League$1http://www.wikidata.org/entity/Q42908$923258
=648  \0$a17th Century (1601-1700)$1http://www.wikidata.org/entity/Q7016$920923
=648  \0$a18th Century (1701-1800)$1http://www.wikidata.org/entity/Q7015$920899
=650  \0$aComposer$1http://www.wikidata.org/entity/Q36834$93625
=650  \0$aMusic history$1http://www.wikidata.org/entity/Q846047$921373
=650  \0$aMusical analysis$1http://www.wikidata.org/entity/Q1544924$92775
=650  \0$aAria$1http://www.wikidata.org/entity/Q178122$921592
=650  \0$aVocal music$1http://www.wikidata.org/entity/Q685884$93319
=650  \0$aCounterpoint$1http://www.wikidata.org/entity/Q186393$921487
=650  \0$aGerman$1http://www.wikidata.org/entity/Q188$923675
=650  \0$aPortrait$1http://www.wikidata.org/entity/Q134307$92622
=650  \0$aMusic education$1http://www.wikidata.org/entity/Q27908$921766
=650  \0$aViolin$1http://www.wikidata.org/entity/Q8355$92783
=650  \0$aReception$1http://www.wikidata.org/entity/Q1791660$925021
=650  \0$aHarmony of the spheres$1http://www.wikidata.org/entity/Q1478979$92786
=650  \0$aRhetoric$1http://www.wikidata.org/entity/Q81009$93894
=651  \0$aLübeck (Germany)$1http://www.wikidata.org/entity/Q2843$9125
=651  \0$aGermany$1http://www.wikidata.org/entity/Q183$9155
=942  \\$cBOO
=952  \\$00$10$2ddc$40$6BIO_BUXT_E$70$8BIO$912141$aORPH$bORPH$cKTS1_P$d2020-07-08$eKoopman$i25A22$l1$oBIO BUXT e$p20129148$r2024-02-15 00:00:00$s2024-01-10$w2021-01-12$yBOO$OKoopman
=999  \\$d12158

