=LDR  01240cam a2200265 a 4500
=001  12159
=005  20250820130328.0
=008  890809s1989\\\\dk\a\\\\\b\\\\101\0dger\\
=020  \\$a8787091275
=040  \\$aOI
=041  0\$agereng
=245  00$aHeinrich Schütz und die Musik in Dänemark zur Zeit Christians IV. :$bBericht über die wissenschaftliche Konferenz in Kopenhagen, 10.-14. November 1985 /$cvorgelegt von Anne Ørbaek Jensen, Ole Kongsted.
=260  \\$aKopenhagen :$bEngstrøm & Sødring,$c1989.
=300  \\$a326 p. :$bill. ;$c24 cm.
=504  \\$aIncludes bibliographical references and index.
=600  \0$aSchütz, Heinrich$d1585-1672$1http://www.wikidata.org/entity/Q153643$97240
=650  \0$aMusic$92062
=650  \0$aMusic$92062
=600  \0$aChristian IV$cKing of Denmark and Norway$d1577-1648$1http://www.wikidata.org/entity/Q153586$914791
=700  \\$aJensen, Anne Ørbæk$914792
=700  \\$aKongsted, Ole$d1943-$912121
=942  \\$cBOO
=952  \\$00$10$2ddc$40$6BIO_SCHU5_E$70$8BIO$912142$aORPH$bORPH$cKTS1_P$d2020-07-08$eKoopman$i25A30$oBIO SCHU5 e$p20129179$r2021-01-12 00:00:00$w2021-01-12$yBOO$OKoopman
=999  \\$c12159$d12159
=648  \0$a17th Century (1601-1700)$1http://www.wikidata.org/entity/Q7016$920923

