=LDR  00743    a2200193   4500
=001  12162
=008  210624s2009\\\\\\\|||||\||||\00|\0\ger\d
=020  \\$a9783412202439
=041  \\$ager$deng
=100  \\$aKreutziger-Herr, Annette$4edt$918200
=245  \\$aHistory / Herstory:$balternative Musikgeschichten
=260  \\$aCologne$bBöhlau$c2009
=300  \\$a430 pages
=490  \\$aMusik - Kultur - Gender$v5
=650  \0$aGender$1http://www.wikidata.org/entity/P21$921254
=650  \0$aMusic history$1http://www.wikidata.org/entity/Q846047$921373
=942  \\$cBOO
=952  \\$00$10$2ddc$40$6GHM_8_000000000000000$70$8GHM$912145$aORPH$bORPH$cKM12_1$d2020-07-08$eKoopman$i25B07$l0$oGHM8$p20129185$r2021-01-12 00:00:00$w2021-01-12$yBOO
=999  \\$c12162$d12162

