=LDR  03784nam a2200421 a 4500
=001  12164
=005  20250120120419.0
=008  940411s1993\\\\gw\ag\\\\b\\\\010\0\ger\d
=020  \\$a3795207770
=035  \\$a(OCoLC)30117538 
=040  \\$aOI
=041  \\$ager
=042  \\$alccopycat
=100  \\$4dte$aLeuchtmann, Horst$c1927-2007$1http://www.wikidata.org/entity/Q119746$914798
=245  00$aFestschrift für Horst Leuchtmann zum 65. Geburtstag
=260  \\$aTutzing$bSchneider$c1993
=300  \\$a346 pages$billustrations, music$c24 cm
=504  \\$a"Schriftenverzeichnis Horst Leuchtmann": p. 335-346.
=504  \\$aIncludes bibliographical references.
=505  \\$gWhy did Orlando di Lasso not publish his posthumous motets? / P. Bergquist -- Ein Lobgedicht auf die Musik aus dem 12. Jahrhundert / M. Bernhard -- Après une lecture du Dante: De vulgari eloquentia. Die Canzone als gesungene, als vorgetragene und als vertonte Dichtung / R. Bockholdt -- Probleme beim Aufbau eines Gesamtkatalogs der Werke Orlando die Lassos / W. Boetticher -- Lassos erste Jahre in München (1556-1559): eine Cosa non riuscita? Neue Materialien aufgrund unveröffentlichter Briefe von Johann Jakob Fugger, Antoine Perrenot de Granvelle und Orlando di Lasso / I. Bossuyt -- An Eleventh Century, Italian Gloss on Cassiodorus: New Evidence Concerning Medieval Instruments / C. Bower -- Hans Rottenhammer d. Ä. (1564-1625) und die Musik / F. Brusniak -- Beethovens Volksliederjagd / K. Dorfmüller -- On Orlando di Lassos Ljubljana Magnificat Setting / J. Erb -- Ein barocke Stimmungsanweisung für die Stiftsorgel in Herrieden / H. Fischer -- Un Res d'Alemaigne / M. L. Göllner -- Wiesengrund. Schönbergs Kritik an Thomas Manns Arietta-Textierungen in Beethoven op.111 / T. Göllner -- Josquin as Interpreted by a Mid-Sixteenth-Century German Musician / J. Haar -- Ein neu aufgefundener Text zu einer Huldigungskomposition von Georg Muffat (1653-1704) / G. Haberkamp -- Zu den Autographen von Schuiberts Liederzyklus Die schöne Müllerin D.795 / F. Krautwurst -- An unknown letter of Filippo di Monte to Orlando di Lasso / R. Lindell -- 'Ain schöner gotsdienst mit vocal und instrument et music'. Renaissancezeitliche Belege aus Niederbayern / F. Markmiller -- Neues zum zweiten Liederbuch des Peter Schöffer jun. / R. Münster -- Manfred Bukofzer im Briefwechsel mit Thomas Mann / B. Schmid
=600  \0$aLassus, Orlandus$d1530/32-1594$1http://www.wikidata.org/entity/Q154792$96856
=600  \0$aJosquin Desprez$d1450?-1521$1http://www.wikidata.org/entity/Q143100$918229
=600  \0$aMonte, Philippe de$d1521-1603$1http://www.wikidata.org/entity/Q277029$96645
=600  \0$aMuffat, Georg$d1653-1704$1http://www.wikidata.org/entity/Q170401$97221
=600  \0$aBeethoven, Ludwig van$d1770-1827$1http://www.wikidata.org/entity/Q255$95335
=600  \0$aSchubert, Franz$d1797-1828$1http://www.wikidata.org/entity/Q7312$96183
=600  \0$aMann, Thomas$d1875-1955$1http://www.wikidata.org/entity/Q37030$916933
=600  \0$aBukofzer, Manfred$d1910-1955$1http://www.wikidata.org/entity/Q65927$99998
=610  \0$aFugger family$1http://www.wikidata.org/entity/Q155834$922331
=648  \0$aMiddle Ages (500-1400)$1http://www.wikidata.org/entity/Q12554$920964
=648  \0$a16th Century (1501-1600)$1http://www.wikidata.org/entity/Q7017$920944
=650  \0$aMusic history$1http://www.wikidata.org/entity/Q846047$921373
=650  \0$aOrgan$1http://www.wikidata.org/entity/Q1444$92810
=700  \\$aHörner, Stephan$4edt$914800
=700  \\$aSchmid, Bernhold$4edt$914801
=942  \\$cBOO
=952  \\$00$10$2ddc$40$6REF_4_000000000000000_LEUC$70$8REF$912147$aORPH$bORPH$cKM12_1$d2020-07-08$eKoopman$i25B10$oREF4 LEUC$p20129214$r2021-01-12 00:00:00$w2021-01-12$yBOO
=999  \\$d12164

