=LDR  01907aam a2200337   4500
=001  12167
=008  250624s1957\\\\|||oafc|\||||\001\0\eng\d
=041  \\$aeng
=245  \\$aThe Stuart Period (1603-1714)
=260  \\$c1957$aLondon$bThe Connoisseur
=300  \\$axii-180 pages
=490  \\$aThe Connoisseur Period Guides to the Houses, Furnishing and Chattels of the Classic Periods
=520  \\$aThe Jacobean Age - Architecture - Furniture - Painting &  Portrait Miniatures - Sculpture - Silver - Pottery, Porcelain & Glass - Domestic Metalwork - Textiles - Costume - Jewellery - Music & musical Instruments - Bookbinding - Printing
=610  \0$aHouse of Stuart$1http://www.wikidata.org/entity/Q179840$922791
=648  \0$a17th Century (1601-1700)$1http://www.wikidata.org/entity/Q7016$920923
=648  \0$a18th Century (1701-1800)$1http://www.wikidata.org/entity/Q7015$920899
=650  \0$aCultural history$1http://www.wikidata.org/entity/Q858517$922395
=650  \0$aFine art$1http://www.wikidata.org/entity/Q219625$921579
=650  \0$aArchitecture$1http://www.wikidata.org/entity/Q12271$93185
=650  \0$aApplied arts$1http://www.wikidata.org/entity/Q2865882$921627
=650  \0$aFashion$1http://www.wikidata.org/entity/Q12684$922591
=650  \0$aBookbinding$1http://www.wikidata.org/entity/Q240471$94369
=650  \0$aSculpture$1http://www.wikidata.org/entity/Q860861$92483
=650  \0$aPrinting$1http://www.wikidata.org/entity/Q11034$921936
=650  \0$aMusical Instrument$940212
=651  \0$aUnited Kingdom$1http://www.wikidata.org/entity/Q21$1http://www.wikidata.org/entity/Q145$9273
=700  \\$aEdwards, Ralph$4edt$940440
=700  \\$aRamsey, L.G.G .$4edt$940441
=942  \\$cBOO
=952  \\$00$10$2ddc$40$6TOP_GB_5_000000000000000$70$8TOP$912150$aORPH$bORPH$cKTS0$d2020-07-08$eKoopman$i20B20$l0$oTOP GB 5$p20129204$r2021-01-12 00:00:00$w2021-01-12$yBOO$OKoopman
=999  \\$d12167

