=LDR  00645    a2200133   4500
=001  12170
=008  210817t1949\\\\||||||||\||||\00|\0\dut\d
=100  \\$aKruitwagen, Bonaventura$d1874-1954$4dte$922027
=245  \\$aHuldeboek Pater Dr. Bonaventura Kruitwagen O.F.M.$b aangeboden op Sint Bonaventura 14 juli 1949 ter gelegenheid van zijn gouden priesterfeest en zijn vijf en zeventigste verjaardag
=260  \\$c1949$aThe Hague$bNijhoff
=300  \\$a481 pages
=942  \\$cBOO
=952  \\$00$10$2ddc$40$6REF_4_000000000000000_KRUI$70$8REF$912153$aORPH$bORPH$cKM12_1$d2020-07-08$eKoopman$i25C01$oREF4 KRUI$p20129254$r2021-01-12 00:00:00$w2021-01-12$yBOO
=999  \\$d12170

