=LDR  00988aam a2200217   4500
=001  12171
=005  20250925143259.0
=008  230703s1996\\\\||||||||\||||\00|\0bger\d
=041  \\$ager
=100  \\$4edt$926368$aSchweizer, M.
=245  \\$aZum Gedenken an Lili Wieruszowski, 10. Dezember 1899 - 2. März 1971
=260  \\$aAllschwil$bHochuli$c1996
=600  \0$1http://www.wikidata.org/entity/Q63485952$aWieruszowski, Lili$d1899-1971$926369
=648  \0$1http://www.wikidata.org/entity/Q6927$a20th Century (1901-2000)$920936
=650  \0$1http://www.wikidata.org/entity/Q36834$aComposer$93625
=650  \0$1http://www.wikidata.org/entity/Q765778$aOrganist$94471
=650  \0$1http://www.wikidata.org/entity/Q36279$aBiography$91927
=651  \0$1http://www.wikidata.org/entity/Q183$aGermany$9155
=942  \\$cBOO
=952  \\$00$10$2ddc$40$6BIO_WIER_D$70$8BIO$912154$aORPH$bORPH$cKTS1_P$d2020-07-08$eKoopman$i25C04$oBIO WIER d$p20129251$r2021-01-12 00:00:00$w2021-01-12$yBOO$OKoopman
=999  \\$d12171

