=LDR  00889cam a22001934a 4500
=001  12172
=008  001124s1995\\\\gw\a\\\\\\\\\\010\0bger\\
=041  \\$ager
=245  00$aIch lasse mir meinen Traum nicht nehmen.$bDem Künstler, Musikpädagogen und Orgelarchitekten Herbert Schulze zum 100. Geburtstag
=260  \\$aBerlin $bPape Verlag$c1995
=300  \\$a170 pages$bill. $c21 cm
=500  \\$aCollection of texts, in part previously published.
=600  10$aSchulze, Herbert$d1895-1985$925961
=650  \0$aOrgan$1http://www.wikidata.org/entity/Q1444$92810
=650  \0$aOrganology$1http://www.wikidata.org/entity/Q899293$921400
=700  1\$aMatthaei, Gottfried$4edt$925960
=942  \\$cBOO
=952  \\$00$10$2ddc$40$6INS_3_000000000000000_1B_SCHU$70$8INS$912155$aORPH$bORPH$cKTS0$d2020-07-08$eKoopman$i25C05$l0$oINS3.1b SCHU$p20129250$r2021-01-12 00:00:00$w2021-01-12$yBOO$OKoopman
=999  \\$d12172

