=LDR  01173aam a2200253   4500
=001  12173
=008  231206s2004\\\\nl\a||||\||||\00|\0\dut\d
=020  \\$a9076452458
=041  \\$adut
=100  \\$aJanssen, Frans A.$4dte$911845
=245  \\$aBoek & letter.$bBoekwetenschappelijke bijdragen ter gelegenheid van het afscheid van prof.dr. Frans A. Janssen als hoogleraar in de Boek- en bibliotheekgeschiedenis aan de Universiteit Amsterdam
=260  \\$c2004$aAmsterdam$bDe Buitenkant
=300  \\$a676 pages
=650  \0$aBibliophilia$1http://www.wikidata.org/entity/Q214719$921630
=650  \0$aLibrary$1http://www.wikidata.org/entity/Q7075$94229
=650  \0$aGraphic design (Typography)$91931
=650  \0$aBook$1http://www.wikidata.org/entity/Q571$92285
=650  \0$aPrint circulation$1http://www.wikidata.org/entity/Q759811$922678
=700  \\$aBiemans, Jos$4edt$926806
=700  \\$aKuitert, Lisa$4edt$926807
=700  \\$aVerkruijsse, Piet$4edt$915245
=942  \\$cBOO
=952  \\$00$10$2ddc$40$6BIB_1_000000000000000_JANS$70$8BIB$912156$aORPH$bORPH$cKTS0$d2020-07-08$eKoopman$i25C08$l0$oBIB1 JANS$p20129248$r2021-01-12 00:00:00$w2021-01-12$yBOO$OKoopman
=999  \\$d12173

