=LDR  02004cam a2200313 i 4500
=001  12175
=005  20250218163405.0
=006  m\\\\|o\\d\|\\\\\\
=007  cr\|||||||||||
=008  180922s2006\\\\enk\\\\\of\\\\000\0\ger\\
=040  \\$aOI
=041  \\$ager
=245  \\$aDokumentarische Grundlagen in der Haydnforschung
=246  \1$aInternationales Musikwissenschaftliches Symposium "Dokumentarische Grundlagen in der Haydnforschung", im Rahmen der Internationalen Haydntage Eisenstadt 13. und 14. September$bReferate und Diskussionen
=260  \\$aTutzing$bSchneider$c2006
=490  \\$aEisenstädter Haydn-Berichte. Veröffentlichungen der Internationalen Joseph Haydn Privatstiftung Eisenstadt$v5
=505  \\$gTowards a History of the Eisenstadt Castle Sacred Musik Archive / J. Armstrong -- Dokumentation, Interpretation, Spekulation / G. Feder -- Haydniana in einer altösterreichischen Adelskorrespondenz / I. Fuchs -- Zur Erfassung der musikgeschichtlichen Dokumente in den Esterh†zyschen Archiven / J. Pratl -- Brandkonskriptionen. Ein Beitrag zur Eisenstädter Haydn-Topographie / G. J. Winkler -- Die Erfassung und Auswertung von Dokumenten in Joseph Haydn-Institut, Köln / R. von Zahn
=600  \0$aHaydn, Joseph$d1732-1809$1http://www.wikidata.org/entity/Q7349$94783
=648  \0$a18th Century (1701-1800)$1http://www.wikidata.org/entity/Q7015$920899
=648  \0$a19th Century (1801-1900)$1http://www.wikidata.org/entity/Q6955$920935
=650  \0$aComposer$1http://www.wikidata.org/entity/Q36834$93625
=650  \0$aBibliography$1http://www.wikidata.org/entity/Q134995$93965
=651  \0$aAustria$1http://www.wikidata.org/entity/Q40$9202
=651  \0$aHungary$1http://www.wikidata.org/entity/Q28$921233
=700  \\$4edt$aFeder, Georg$914931
=700  \\$4edt$aReicher, Walter$914932
=942  \\$cBOO
=952  \\$00$10$2ddc$40$6BIO_HAYD1_E$70$8BIO$912158$aORPH$bORPH$cKTS1_P$d2020-07-08$eKoopman$i25C28$oBIO HAYD1 e$p20129226$r2021-01-12 00:00:00$w2021-01-12$yBOO
=999  \\$d12175

