=LDR  00336    a2200097   4500
=001  12176
=245  \\$aSymposion over Frans Hemsterhuis
=260  \\$c1970
=942  \\$cBOO
=952  \\$00$10$2ddc$40$6BIO_HEMS_E$70$8BIO$912159$aORPH$bORPH$cKTS1_P$d2020-07-08$eKoopman$i25C35$oBIO HEMS e$p20129219$r2021-01-12 00:00:00$w2021-01-12$yBOO$OKoopman
=999  \\$c12176$d12176

