=LDR  04048cam a22004934a 4500
=001  12177
=005  20250926134856.0
=008  080801s2008\\\\gw\ag\\\\b\\\\100\0\ger\\
=020  \\$a9783795212605 (pbk.)
=040  \\$aOI
=041  0\$ager$aeng
=245  00$aFux-Forschung:$bStandpunkte und Perspektiven. Bericht des wissenschaftlichen Symposions auf Schloss Seggau, 14.-16. Oktober 2005 anlässlich des Jubiläums "50 Jahre Johann-Joseph-Fux-Gesellschaft"
=260  \\$aTutzing$bSchneider$c2008
=300  \\$axi-195 pages$billustrations, music$c24 cm
=504  \\$aIncludes bibliographical references.
=505  \\$gFux, Caldara, and Their Canonic Masses as Evidence of Professional Rivalry / J. Y. Chen -- Musik und Hofmusikkapelle im Zeremoniell der Habsburger-Höfe des frühen 18. Jahrhunderts / E. T. Fritz -- Instrumentarium und Instrumentalstil in den Opern Johann Joseph Fux' und seiner Zeitgenossen / D. Gluxam -- Fux' Klangwelt. Versuch einer Annäherung / K. Hubmann -- Wandlungen in der Generalbass-Praxis zu Lebzeiten von Johann Joseph Fux am Beispiel seines Oratoriums Cristo nell'Orto / M. Jira -- Wege zum Textverständnis am Beispiel von Übersetzungen einiger Libretti für Johann Joseph Fux / E. Kanduth -- Aria mit verschiedenen Veraenderungen und/oder Gradus ad Parnassum. Johann Sebastian Bachs Kommentar zu Johann Joseph Fux' Traktat / M. G. Kaufmann -- Die Magnificat-Kompositionen von Johann Joseph Fux / G. Krombach -- Tanz der Bilder oder Costanza e Fortezza hinter den Spiegeln / M. Malkiewicz -- Ideas of Theory and Practice in Johann Joseph Fux's Gradus ad Parnassum / T. J. H. McCarthy -- Die Beziehungen von Johann Joseph Fux zum Fürstenhaus Esterházy / K. Petermayr -- Die Sonate für Violine, Zink, Posaune und Fagott K 347. Von welchem Fux? / H. Seifert -- Sepolcro-Kompositionen und ihre frömmigkeitgeschichtliche Bedeutung / J. Trummer -- Traditio und Exemplum in der Konzeption und den Rezeptionen der Gradus ad Parnassum von Johann Joseph Fux / O. Wiener -- 
=546  \\$aGerman (12 papers) and English (2 papers).
=600  \0$aFux, Johann Joseph$d1660-1741$1http://www.wikidata.org/entity/Q311378$910900
=600  \0$aCaldara, Antonio$d1670-1736$1http://www.wikidata.org/entity/Q311571$914892
=600  \0$aBach, Johann Sebastian$d1685-1750$1http://www.wikidata.org/entity/Q1339$94766
=610  \0$aHouse of Habsburg$1http://www.wikidata.org/entity/Q65968$922829
=610  \0$aEszterházy family$1http://www.wikidata.org/entity/Q1369980$922423
=648  \0$a17th Century (1601-1700)$1http://www.wikidata.org/entity/Q7016$920923
=648  \0$a18th Century (1701-1800)$1http://www.wikidata.org/entity/Q7015$920899
=650  \0$aComposer$1http://www.wikidata.org/entity/Q36834$93625
=650  \0$aMass$1http://www.wikidata.org/entity/Q217295$92735
=650  \0$aCourt$1http://www.wikidata.org/entity/Q1134237$922191
=650  \0$aInstrumentation$1http://www.wikidata.org/entity/Q617028$923032
=650  \0$aOratorio$1http://www.wikidata.org/entity/Q85477$91825
=650  \0$aBasso continuo$1http://www.wikidata.org/entity/Q724321$921065
=650  \0$aLibretto$1http://www.wikidata.org/entity/Q131084$94031
=650  \0$aPolyphony$1http://www.wikidata.org/entity/Q179465$926381
=650  \0$aGoldberg Variations$1http://www.wikidata.org/entity/Q213728$924856
=650  \0$aMagnificat$1http://www.wikidata.org/entity/Q200809$92021
=650  \0$aOpera$1http://www.wikidata.org/entity/Q1344 $92468
=650  \0$aBallet$1http://www.wikidata.org/entity/Q41425$94412
=650  \0$aMusic theory$1http://www.wikidata.org/entity/Q193544$92662
=651  \0$aVienna (Austria)$1http://www.wikidata.org/entity/Q1741$920937
=700  \\$aHochradner, Thomas$4edt$914810
=700  \\$aJanes, Susanne$914811$4edt
=710  \\$aJohann-Joseph-Fux-Gesellschaft (Graz, Austria)$91672$4edt
=942  \\$cBOO
=952  \\$00$10$2ddc$40$6BIO_FUX_E$70$8BIO$912160$aORPH$bORPH$cKTS1_P$d2020-07-08$eKoopman$i25C43$l0$oBIO FUX e$p20129259$r2021-01-12 00:00:00$w2021-01-12$yBOO$OKoopman
=999  \\$d12177

