=LDR  00974nam a2200217 a 4500
=001  12179
=008  960220s1994\\\\gw\abgh\\b\\\\100\0dger\\
=020  \\$a3926196254
=040  \\$aOI
=245  04$aDie Musik der Deutschen im Osten und ihre Wechselwirkung mit den Nachbarn :$bOstseeraum-Schlesien-Böhmen/Mähren-Donauraum : vom 23. bis 26. September 1992 in Köln
=260  \\$aBonn$bG. Schröder$c1994
=300  \\$aix, 541 pages
=490  \\$aDeutsche Musik im Osten$vBd. 6
=504  \\$aIncludes bibliographical references.
=650  \0$aMusic history$1http://www.wikidata.org/entity/Q846047$921373
=651  \0$aGermany$1http://www.wikidata.org/entity/Q183$9155
=700  \\$aNiemöller, Klaus Wolfgang$d1929-2024$4edt$914812
=700  \\$aLoos, Helmut$914813$4edt
=942  \\$cBOO
=952  \\$00$10$2ddc$40$6TOP_DE_0_000000000000000$70$8TOP$912162$aORPH$bORPH$cKTS0$d2020-07-08$eKoopman$i25D12$l0$oTOP DE 0$p20129274$r2021-01-12 00:00:00$w2021-01-12$yBOO$OKoopman
=999  \\$d12179

