=LDR  05313cam a2200601 i 4500
=001  12180
=005  20250926134856.0
=008  770825s1976\\\\gw\a\\\\\b\\\\010\0\gers\
=020  \\$a3764921277
=040  \\$aOI
=041  \\$ager
=100  \\$4dte$aValentin, Erich$d1906-1993$914814
=245  00$aFestschrift Erich Valentin zum 70. Geburtstag
=260  \\$aRegensburg$bBosse$c1976
=300  \\$a286 pages$billustrations$c25 cm
=504  \\$aBibliography of E. Valentin's works: p. 259-285.
=504  \\$aIncludes bibliographical references.
=505  \\$aAnmerkungen zur Analyse des Streichquartetts G-dur KV.387 von W.A. Mozart / P. Benary -- Zuccalmaglios Umdichtung von Mozarts Entführung / K. G. Fellerer -- Stil und Kompositionspraxis in der Kirchenmusik Roms im 17. und 18. Jahrhundert, dargestellt am Werk des Giovanni Ottavio Pitoni / S. Gmeinwieser --  Barbarinas Cavatine / A. Goes -- Der paradiesische Mozart / K. Hammer -- Zu Wolfgang Köhlers Sinfonie Nr. 3, op. 42 / H. Kopf -- Beiträge zur Choralbegleitung und Choralverarbeitung in der Orgelmusik des ausgehenden 18. und beginnenden 19. Jahrhunderts / K. G. Fellerer -- Materialien zu Clara (und Robert) Schumanns Mozart- und Beethoven-Auffassung / G. Katzenberger -- Die Modulationen in Mozarts Fantasie KV 475 / W. Keller -- Die Struktur von Beethovens Missa solemnis / R. Klein -- Funktionen, Strukturen und Traditionen der Popularmusik: Der Schneewalzer / E. Klusen -- Theologische Einblicke in Bachs Werkstatt / M. Metzger -- Franz Werfel und die Musik / W. Müller-Blattau -- Mozarts Kirchenmusik in München im 18. und beginnenden 19. Jahrhundert / R. Münster -- Die musikalische Natur des Menschen und der Pluralismus musikwissenschaftlicher Methoden / F. Neumann -- Zu Mozarts Quintetten mit Streichern / A. Ott -- Zur Popularisierung und Kommerzialisierung klassischer Musik, aufgezeigt am Beispiel Beethovens / H. Rauhe -- Die Mozart-Oper vor und bei den Festspielen in Salzburg / G. Rech -- Der junge Mozart und der Alberti-Baß / E. Reeser -- Der Einschwingvorgang: Entsprechungen im Aufbau sanglicher Melodien gemeinsamer Gesänge / A. Rüdiger -- Arnold Schönbergs pädagogische Musik: Suite für Streichorchester (1934) und Thema und Variationen für Blasorchester op.43A (1943) -- Der Choral in der Symphonie. Anmerkungen zur Orchestermusik des 19. Jahrhunderts / K. Schumann -- Neue geistliche Lieder für den Vorhof des Tempels - im Mittelalter / F. A. Stein -- Ein Leben für Mozart / H. E. Valentin -- Näheres zu den Lebensumständen von Paul Graf Waldersee / G. Weiß -- Hans Pfitzner als Dichter / W. Zentner
=561  \\$aAutograph dedication by Erich Valentin to his grandson Martin
=600  \0$aBach, Johann Sebastian$d1685-1750$1http://www.wikidata.org/entity/Q1339$94766
=600  \0$aMozart, Wolfgang Amadeus$d1756-1791$1http://www.wikidata.org/entity/Q254$95341
=600  \0$aBeethoven, Ludwig van$d1770-1827$1http://www.wikidata.org/entity/Q255$95335
=600  \0$aSchumann, Clara$d1819-1896$1http://www.wikidata.org/entity/Q132232$915642
=600  \0$aPfitzner, Hans$d1869-1949$1http://www.wikidata.org/entity/Q57358$921224
=600  \0$aSchoenberg, Arnold$d1874-1951$1http://www.wikidata.org/entity/Q154770$915986
=600  \0$aKöhler, Wolfgang$d1923-2003$923326
=648  \0$aMiddle Ages (500-1400)$1http://www.wikidata.org/entity/Q12554$920964
=648  \0$a18th Century (1701-1800)$1http://www.wikidata.org/entity/Q7015$920899
=648  \0$a19th Century (1801-1900)$1http://www.wikidata.org/entity/Q6955$920935
=648  \0$a20th Century (1901-2000)$1http://www.wikidata.org/entity/Q6927$920936
=650  \0$aString quartet$1http://www.wikidata.org/entity/Q207338$94110
=650  \0$aString quintet$1http://www.wikidata.org/entity/Q937364$94575
=650  \0$aOpera$1http://www.wikidata.org/entity/Q1344$92468
=650  \0$aSymphony$1http://www.wikidata.org/entity/Q9734$92527
=650  \0$aChorale$1http://www.wikidata.org/entity/Q724473$921334
=650  \0$aOrgan music$1http://www.wikidata.org/entity/Q2003283$91951
=650  \0$aModulation$1http://www.wikidata.org/entity/Q750240$923327
=650  \0$aFantasia$1http://www.wikidata.org/entity/Q836571$921930
=650  \0$aKeyboard music$1http://www.wikidata.org/entity/Q105715630$921412
=650  \0$aMass$1http://www.wikidata.org/entity/Q217295$92735
=650  \0$aPopular music$1http://www.wikidata.org/entity/Q373342$922015
=650  \0$aWaltz$1http://www.wikidata.org/entity/Q8701407$922010
=650  \0$aTheology$1http://www.wikidata.org/entity/Q34178$93009
=650  \0$aChurch music$1http://www.wikidata.org/entity/Q8812109$92283
=650  \0$aAlberti bass$1http://www.wikidata.org/entity/Q568203$923328
=650  \0$aComposer$1http://www.wikidata.org/entity/Q36834$93625
=650  \0$aPoet$1http://www.wikidata.org/entity/Q49757$92954
=651  \0$aMunich (Germany)$1http://www.wikidata.org/entity/Q1726$9268
=651  \0$aSalzburg (Austria)$1http://www.wikidata.org/entity/Q34713$921433
=700  \\$aWeiss, Günther$d1933-2007$4edt$1http://www.wikidata.org/entity/Q94828705$914815
=942  \\$cBOO
=952  \\$00$10$2ddc$40$6REF_4_000000000000000_VALE$70$8REF$912163$aORPH$bORPH$cKM12_1$d2020-07-08$eKoopman$i25D16$oREF4 VALE$p20129270$r2021-01-12 00:00:00$w2021-01-12$yBOO
=999  \\$d12180

