=LDR  04004acm a2200421   4500
=001  12181
=008  211122r20091666\\\||ae|\||||\00|\0\mul\d
=020  \\$a9789065520555
=041  \\$adut$aeng
=100  \\$aSmout, Adriaan$4col$1http://www.wikidata.org/entity/Q2588065$922995
=245  \\$aHet luitboek van Thysius:$bFacsimile-editie van Leiden, Bibliotheca Thysiana 1666
=246  \1$aThe Thysius Lute Book
=250  \\$afacs. ed.
=260  \\$aLeiden$aUtrecht$bKVNM$bNederlandse Luitvereniging$c2009
=300  \\$a3 vols. (159+228+518 pages)$bin blue slipcase
=490  \\$aMuziek uit de Republiek, Speciale Projecten$v1
=505  \\$aBand 1: inleiding en concordanties -- Band 2: Facsimile folio's 1-233 -- Band 3: facsimile folio's 233v-521v
=520  \\$aThe Thysius Lute Book is the largest source of handwritten lute music in the world. The manuscript, written in French tablature, was compiled around 1600 by the colorful preacher Adriaen Smout (1580 1646). After Smout's death, the manuscript was purchased at an auction of his household effects by Leiden librarian and book collector Johannes Thysius (1622 1651). The lute book, as well as Thysius' library, known as the Bibliotheca Thysiana, are still intact and on display in Leiden. The manuscript consists of more than 800 pages of music for 5/6/7-chord lute. The music originates from various parts of Europe and includes chanson and madrigal intervolutions, dance arrangements, fantasies and songs. The new NLV/KVNM edition consists of three hardcover volumes, collected in a stylish slipcase. The first volume, written and compiled by Jan Burgers, Louis Grijp, Simon Groot and John Robinson, provides a thorough introduction to the history and background of the Thysius Lute Book, as well as a comprehensive list of concordances. The remaining two volumes are facsimiles of the manuscript itself. (Translated with DeepL.com)
=600  \0$aThysius, Johannes$d1622-1653$1http://www.wikidata.org/entity/Q4843509$922992
=610  \0$aBibliotheca Thysiana (Leiden, Netherlands)$1http://www.wikidata.org/entity/Q2901261$922996
=648  \0$a17th Century (1601-1700)$1http://www.wikidata.org/entity/Q7016$920923
=650  \0$aLute$1http://www.wikidata.org/entity/Q180733$93944
=650  \0$aManuscript$1http://www.wikidata.org/entity/Q87167$92275
=650  \0$aTablature$1http://www.wikidata.org/entity/Q143217$93722
=651  \0$aLeiden (Netherlands)$1http://www.wikidata.org/entity/Q43631$978
=700  \\$4ctb$aGrijp, Louis Peter$d1954-2016$1http://www.wikidata.org/entity/Q1993783$917692
=700  \\$4ctb$aGroot, Simon$918491
=700  \\$4ctb$aRobinson, John H.$918492
=700  \\$4ctb$aBurgers, Jan W. J.$918490
=942  \\$cSCO
=952  \\$00$10$2ddc$3Slipcase$40$6SCO_MISC_THYS$70$8SCO$912164$aORPH$bORPH$cKTS1_H$d2020-07-08$eKoopman$i25D27$oSCO MISC THYS$p20129324$r2021-01-12 00:00:00$w2021-01-12$ySCO
=952  \\$00$10$2ddc$3Band III/Volume III$40$6SCO_MISC_THYS$70$8SCO$926942$aORPH$bORPH$cKTS1_H$d2020-07-08$l0$oSCO MISC THYS$p20134602$r2025-07-07 11:06:25$w2021-01-12$ySCO
=952  \\$00$10$2ddc$3Band II/Volume II$40$6SCO_MISC_THYS$70$8SCO$926943$aORPH$bORPH$cKTS1_H$d2020-07-08$l0$oSCO MISC THYS$p20134601$r2025-07-07 11:06:59$w2021-01-12$ySCO
=952  \\$00$10$2ddc$3Band I/Volume I$40$6SCO_MISC_THYS$70$8SCO$926944$aORPH$bORPH$cKTS1_H$d2020-07-08$l0$oSCO MISC THYS$p20134600$r2025-07-07 11:06:59$w2021-01-12$ySCO
=952  \\$00$10$2ddc$3Band I/Volume I$40$6SCO_MISC_THYS$70$8SCO$926945$aORPH$bORPH$cKTS1_H$d2020-07-08$eKoopman$i25D27$l0$oSCO MISC THYS$p20144247$r2025-07-07 11:16:51$w2021-01-12$ySCO
=952  \\$00$10$2ddc$3Band II/Volume II$40$6SCO_MISC_THYS$70$8SCO$926946$aORPH$bORPH$cKTS1_H$d2020-07-08$eKoopman$i25D27$l0$oSCO MISC THYS$p20144248$r2025-07-07 11:16:51$w2021-01-12$ySCO
=952  \\$00$10$2ddc$3Band III/Volume III$40$6SCO_MISC_THYS$70$8SCO$926947$aORPH$bORPH$cKTS1_H$d2020-07-08$eKoopman$i25D27$l0$oSCO MISC THYS$p20144249$r2025-07-07 11:16:51$w2021-01-12$ySCO
=999  \\$d12181

