=LDR  01304pam a2200289 a 4500
=001  12182
=005  20250120120918.0
=008  920204s1992\\\\miuag\\\\b\\\s101\0\eng\\
=020  \\$a0472102710 (alk. paper)
=040  \\$aOI
=041  \\$aeng
=100  \\$4edt$aMonson, Craig A.$910066
=245  04$aThe Crannied Wall:$bWomen, Religion, and the Arts in Early Modern Europe
=260  \\$aAnn Arbor, MI$bUniversity of Michigan Press$c1992
=300  \\$ax-242 pages$billustrations, music$c24 cm
=490  \\$aStudies in Medieval and Early Modern Civilization$v4
=504  \\$aIncludes bibliographical references and index.
=648  \0$aMiddle Ages (500-1400)$1http://www.wikidata.org/entity/Q12554$920964
=648  \0$aRenaissance (1400-1600)$1http://www.wikidata.org/entity/Q4692$920965
=648  \0$a17th Century (1601-1700)$1http://www.wikidata.org/entity/Q7016$920923
=650  \0$aMonastery$926216
=650  \0$aMusic history$1http://www.wikidata.org/entity/Q846047$921373
=650  \0$aGender$1http://www.wikidata.org/entity/P21$921254
=651  \0$aItaly$1http://www.wikidata.org/entity/Q38$922
=942  \\$cBOO
=952  \\$00$10$2ddc$40$6TOP_IT_3_000000000000000$70$8TOP$912165$aORPH$bORPH$cKTS0$d2020-07-08$eKoopman$i25D38$oTOP IT 3$p20129320$r2021-01-12 00:00:00$w2021-01-12$yBOO
=999  \\$d12182

