=LDR  01544aas a2200289   4500
=001  12185
=005  20250925143259.0
=008  241212s2010\\\\|||a||||\||||\00|\0\ger\d
=020  \\$a97838730221136
=041  \\$ager
=100  \\$aEickhölter, Manfred$4edt$940086
=245  \\$aDer Wagen.$bLübecker Beiträge zur Kultur und Gesellschaft$n2010
=260  \\$aLübeck$bHansisches Verlagskontor$c2010
=300  \\$a292 pages$billustrations, photographs, plates
=500  \\$aContains Konrad Dittrich's article '"Singet dem Herrn ein neues Lied..." Vor gut 80 Jahren gründete Bruno Grusnick den Lübecker Sing- und Spielkreis'
=500  \\$aContains 2010 dedication to Ton & Tini Koopman from Barbara Grusnick (1930-2018) widow of Bruno Grusnick (1900-1992)
=600  \0$aGrusnick, Bruno$d1900-1992$1http://www.wikidata.org/entity/Q102125$914925
=648  \0$a20th Century (1901-2000)$1http://www.wikidata.org/entity/Q6927$920936
=650  \0$aConcert$1http://www.wikidata.org/entity/Q182832$921044
=650  \0$aCultural history$1http://www.wikidata.org/entity/Q858517$922395
=650  \0$aMusic history$1http://www.wikidata.org/entity/Q846047$921373
=650  \0$aPeriodical$1http://www.wikidata.org/entity/Q1002697$921106
=651  \0$aLübeck (Germany)$1http://www.wikidata.org/entity/Q2843$9125
=700  \\$aDittrich, Konrad$4ctb$940087
=942  \\$cPER
=952  \\$00$10$2ddc$40$6TOP_DE_LUB$70$8TOP$912168$aORPH$bORPH$cKTS0$d2020-07-08$eKoopman$i25E10$l0$oTOP DE.LUB$p20129348$r2021-01-12 00:00:00$w2021-01-12$yPER$OKoopman
=999  \\$d12185

