=LDR  01809cam a2200409 a 4500
=001  12187
=005  20250303100750.0
=008  100730s2010\\\\gw\ag\\\\\\\\\101\0dger\d
=010  \\$a  2010498205
=016  7\$a1004243642$2DE-101
=016  7\$a015718177$2Uk
=020  \\$a9783487143828 (pbk.)
=020  \\$a3487143828 (pbk.)
=035  \\$a(OCoLC)ocn648922804
=035  \\$a(OCoLC)648922804$z(OCoLC)718447252
=040  \\$aOHX$cOHX$dINU$dGWDNB$dPUL$dRES$dHEBIS$dOCLCQ$dNLGGC$dCHRRO$dUKMGB$dDLC
=041  0\$ager$aeng
=042  \\$alccopycat
=072  \7$aML$2lcco
=072  \7$as1zz$2rero
=084  \\$2bcl
=245  00$aJohann Georg Pisendel :$bStudien zu Leben und Werke : Bericht über das Internationale Symposium vom 23. bis 25. Mai 2005 in Dresden /$cherausgegeben von Ortrun Landmann und Hans-Günter Ottenberg ; Redaktion, Wolfgang Mende.
=260  \\$aHildesheim ;$aNew York :$bOlms,$cc2010.
=300  \\$axx, 655 p. :$bill., music ;$c22 cm.
=490  1\$aDresdner Beiträge zur Musikforschung,$x1618-2529 ;$v3
=546  \\$a22 contributions in German, 3 in English.
=600  \0$aPisendel, Johann Georg$d1687-1755$1http://www.wikidata.org/entity/Q508635$914818
=650  \0$aViolinist$1http://www.wikidata.org/entity/Q1259917$93278
=650  \0$aComposer$1http://www.wikidata.org/entity/Q36834$93625
=700  \\$4edt$aLandmann, Ortrun$911683
=700  \\$4edt$aOttenberg, Hans-Günter$d1947-$914575
=700  \\$4edt$aMende, Wolfgang$914819
=830  \0$91037$aDresdner Beiträge zur Musikforschung ;$v3.
=942  \\$cBOO
=952  \\$00$10$2ddc$40$6BIO_PISE_D$70$8BIO$912170$aORPH$bORPH$cKTS1_P$d2020-07-08$eKoopman$i25E22$oBIO PISE d$p20129369$r2021-01-12 00:00:00$w2021-01-12$yBOO$OKoopman
=999  \\$c12187$d12187
=651  \0$aGermany$1http://www.wikidata.org/entity/Q183$9155

