=LDR  02892cam a22003134a 4500
=001  12188
=005  20250926134856.0
=008  071109s2008\\\\ilua\\\\\b\\\\001\0\eng\\
=020  \\$a9780252033445
=040  \\$aOI
=041  \\$aeng
=100  \\$4dte$aWolff, Christoph$d1940-$1http://www.wikidata.org/entity/Q66488$910387
=245  00$aAbout Bach
=260  \\$aUrbana, IL$bUniversity of Illinois Press$c2008
=300  \\$axi-216 pages$billustrations$c26 cm
=504  \\$aIncludes bibliographical references and index.
=505  0\$aBefore Bach. A master teacher revealed: Johann Pachelbel's Deutliche Anweisung / Kathryn Welter ; From the house of Aaron to the house of Johann Sebastian: Old Testament roots for the Bach family tree / Mary Dalton Greer -- Bach's vocal music. Combinatorial modeling in the chorus movement of Cantata 24, Ein ungefärbt Gemüte / Alexander J. Fisher ; Choral unison in J.S. Bach's vocal music / Daniel R. Melamed ; You say sabachthani and I say asabthani: a St. Matthew passion puzzle / Michael Ochs ; Sein Segen fliesst daher wie ein Strom, BWV Anh. I 14: a source for parodied arias in the B-minor mass? / William H. Scheide -- Bach circle. Johann Friedrich Schweinitz, "a disciple of the famous Herr Bach in Leipzig" / Hans-Joachim Schulze ; Johann Christian Bach and the church symphony / Jen-Yen Chen -- Bach's instrumental music. Scribes, engravers, and notational styles: the final disposition of Bach's Art of fugue / Gregory G. Butler ; Notes on J. S. Bach and basso continuo realization / Ton Koopman ; Music for "Cavaliers et dames": Bach and the repertoire of his collegium musicum / Geogre B. Stauffer ; A print of Clavierbung I from J.S. Bach's personal library / Andrew Talle -- After Bach. Carl Reinecke's performance of Mozart's Larghetto and the nineteenth-century practice of quantitative accentuation / Robert Hill ; "Grand miscellaneous acts": observations on oratorio performance in London after Hayden / Mark Risinger ; Back from B-A-C-H: Schumann's Symphony no. 2 in C major / Douglass Seaton.
=600  \0$aBach, Johann Sebastian$d1685-1750$1http://www.wikidata.org/entity/Q1339$94766
=648  \0$a18th Century (1701-1800)$1http://www.wikidata.org/entity/Q7015$920899
=650  \0$aComposer$1http://www.wikidata.org/entity/Q36834$93625
=651  \0$aGermany$1http://www.wikidata.org/entity/Q183$9155
=700  \\$aButler, Gregory$4edt$910041
=700  \\$aStauffer, George B.$d1947-$4edt$eEditor$914195
=700  \\$aGreer, Mary Dalton$4edt$eEditor$914820
=700  \\$aKoopman, Ton$d1944-$4ctb$1http://www.wikidata.org/entity/Q445121$910491
=856  \\$uhttp://www.loc.gov/catdir/toc/ecip084/2007046831.html$3Table of contents only
=942  \\$cBOO
=952  \\$00$10$2ddc$40$6BIO_BACH1_E$70$8BIO$912171$aORPH$bORPH$cKTS1_P$d2020-07-08$eKoopman$i25E29$oBIO BACH1 e$p20129379$r2021-01-12 00:00:00$w2021-01-12$yBOO
=999  \\$d12188

