=LDR  00750    a2200169   4500
=001  12193
=008  211026s1914\\\\|||a||||\||||\00|\0\fre\d
=041  \\$afre
=245  \\$aLes Arts.$bRevue mensuelle des musées, collections, expositions$nno. 146
=260  \\$aParis$bGoupil$bManzi, Joyant & Cie$c1914
=300  \\$a32 pages
=610  \0$aMusée Jacquemart-André (Paris, France)$1http://www.wikidata.org/entity/Q1165526$923569
=650  \0$aFine art$1http://www.wikidata.org/entity/Q219625$921579
=653  \0$aluit$37$020137417$w27D28$934262
=942  \\$cPER
=952  \\$00$10$2ddc$40$6KTS_1_000000000000000_C1_40_27D28$70$8RAR$912176$aORPH$bORPH$cKTS1_C1$d2020-07-08$eKoopman$i25F12$oKTS1 C1.40 27D28$p20137417$r2021-01-12 00:00:00$w2021-01-12$yPER
=999  \\$d12193

