=LDR  01026aam a2200205   4500
=001  12195
=008  220907s1930\\\\|||ac|||\||||\00|\0\fre\d
=041  \\$afre
=245  \\$aAlbum musical:$bIconographie, contenant 1560 reproductions de portraits, autographes, instruments, scènes, exemples musicaux etc.
=260  \\$aParis$bLibrairie Delagrave$c1930
=650  \0$aIconography$1http://www.wikidata.org/entity/Q208145$921259
=650  \0$aPortrait$1http://www.wikidata.org/entity/Q134307$92622
=650  \0$aStaging$1http://www.wikidata.org/entity/Q3508687$922118
=700  \\$4ctb$aKinsky, Georg$d1882-1951$94997
=700  \\$4ctb$aHaas, Robert$d1886-1960$1http://www.wikidata.org/entity/Q85658$916133
=700  \\$4ctb$aSchnoor, H.$924849
=700  \\$4ctb$aPrunières, Henry$d1886-1942$1http://www.wikidata.org/entity/Q3133019$916453
=942  \\$cBOO
=952  \\$00$10$2ddc$40$6VIS_KINS$70$8VIS$912178$aORPH$bORPH$cKTS1_H$d2020-07-08$eKoopman$i25F25$l0$oVIS KINS$p20129406$r2021-01-12 00:00:00$w2021-01-12$yBOO$OKoopman
=999  \\$d12195

