=LDR  01057cam a2200253 a 4500
=001  12196
=005  20250120115953.0
=008  090529s2008\\\\ne\a\\\\\b\\\\001\0\dut\d
=020  \\$a9789040085574
=020  \\$a9040085579
=040  \\$aOI
=041  \\$adut
=100  \\$aNierop, Henk F. K. van$4edt$914824
=245  00$aRomeyn de Hooghe:$bde verbeelding van de late Gouden Eeuw
=260  \\$aZwolle$bWaanders$c2008
=300  \\$a310 pages$billustrations (some color)$c32 cm
=504  \\$aIncludes bibliographical references (p. 291-303) and index.
=600  \0$aHooghe, Romeyn de$d1645-1708$1http://www.wikidata.org/entity/Q278068$914823
=648  \0$a17th Century (1601-1700)$1http://www.wikidata.org/entity/Q7016$920923
=650  \0$aFine art$1http://www.wikidata.org/entity/Q219625$921579
=651  \0$aNetherlands$1http://www.wikidata.org/entity/Q55$9173
=942  \\$cBOO
=952  \\$00$10$2ddc$40$6BIO_HOOG_C$70$8BIO$912179$aORPH$bORPH$cKTS1_P$d2020-07-08$eKoopman$i25F33$oBIO HOOG c$p20129399$r2021-01-12 00:00:00$w2021-01-12$yBOO$OKoopman
=999  \\$d12196

