=LDR  00813cam a2200229 a 4500
=001  12197
=003  OI
=005  20250905114721.0
=008  820201s1981\\\\ne\\\\\\\b\\\\000\0\dut\\
=015  \\$aNe***
=020  \\$a9001902499
=040  \\$aOI
=100  \\$aGrootes, E. K.$4aut$99825
=245  00$aStudies over Hooft uyt liefde geschreven: 1581-16 maart 1981
=260  \\$aGroningen$bWolters-Noordhoff$c1981
=300  \\$a228 p. ;$c21 cm.
=504  \\$aIncludes bibliographical references.
=600  \0$aHooft, P. C.$d1581-1647$1http://www.wikidata.org/entity/Q10914484$95139
=740  0\$aUyt liefde geschreven.
=942  \\$cBOO$2ddc
=952  \\$00$10$2ddc$40$6BIO_HOOF_E$70$8BIO$912180$aORPH$bORPH$cKTS1_P$d2020-07-08$eKoopman$i28B48$l0$oBIO HOOF e$p20121458$r2021-01-12 00:00:00$w2021-01-12$yBOO
=999  \\$c12197$d12197

