=LDR  02584cam a2200277 a 4500
=001  12200
=005  20250120120119.0
=008  020910s2001\\\\ne\a\\\\\b\\\\001\0ddut\d
=020  \\$a9053564888 (Netherlands)
=020  \\$a9028930000 (Belgium)
=041  \\$adut
=100  \\$4edt$aGrijp, Louis Peter$d1954-2016$1http://www.wikidata.org/entity/Q1993783$917692
=245  04$aEen muziekgeschiedenis der Nederlanden
=246  30$aMuziekgeschiedenis der Nederlanden
=260  \\$aAmsterdam$bAmsterdam University Press-Salomé$aUtrecht$bMeertens Instituut$bKoninklijke Vereniging voor Nederlandse Muziekgeschiedenis$aKapellen$bPelckmans$c2001
=300  \\$axx-916 pages$bill.$c24 cm.$e1 CD-ROM (4 3/4 in.)
=504  \\$aIncludes bibliographical references and index.
=520  \\$aIn 2001 verscheen het indrukwekkende overzichtswerk Een muziekgeschiedenis der Nederlanden, waarin het veelzijdige muzikale leven in de Lage Landen vanaf de prehistorie tot aan de millenniumwisseling beschreven werd. Talloze specialisten uit Nederland en Vlaanderen werkten mee aan deze 'tour de force' en het boek oogstte vele lovende kritieken in de pers.
Om ook de laatste jaren ook in kaart te brengen, schreven Louis Peter Grijp, Martine de Bruin, Mark Delaere, Lutgard Mutsaers, Stijn Reijnders en Emile Wennekes een aanvullende special op het bestaande boek. Aan de hand van het ijkjaar 2000 worden vier belangrijke ontwikkelingen en gebeurtenissen in de Nederlandse en Vlaamse muziek sinds 2000 belicht. Er is aandacht voor de gekte rond Idols en het ritueel van de televisietalentenjacht, en voor de begrafenis van André Hazes die de emotiecultuur rond het levenslied en de smartlap markeert. De komeetachtige opkomst van Ali B. wordt aangegrepen om de betekenis van de Nederlandstalige hiphop in kaart te brengen, terwijl de auteurs in de klassieke muziek een opmerkelijke toename signaleren in de belangstelling voor strijkkwartetten.


=538  \\$aSystem requirements for accompanying CD-ROM: Windows 95/98/ME/NT4/2000, Pentium 200 or higher; or MacOS 7.5/8/8.5/9, PowerPC G3 or higher.
=648  \0$aPast$1http://www.wikidata.org/entity/Q192630$922196
=650  \0$aMusic history$1http://www.wikidata.org/entity/Q846047$921373
=651  \0$aNetherlands$1http://www.wikidata.org/entity/Q55$9173
=651  \0$aFlanders (Belgium)$1http://www.wikidata.org/entity/Q234$989
=942  \\$cBOO
=952  \\$00$10$2ddc$3CD ROM$40$6TOP_BE_0_000000000000000$70$8TOP$912183$aORPH$bORPH$cKTS0$d2020-07-08$eKoopman$i28D01$l1$oTOP BE 0$p20123608$r2021-03-04 00:00:00$s2021-02-24$w2021-01-12$yBOO
=999  \\$d12200

