=LDR  00859    a2200205   4500
=001  12202
=008  220425s1984\\\\gw\f||||\||||\00|\0\ger\d
=041  \\$ager
=100  \\$4aut$aVarious$94793
=245  \\$aDie grosse Orgel in St. Jakobi zu Lübeck
=260  \\$c1984$aLübeck$bKirchenvorstand St. Jacobi
=300  \\$a128 pages
=336  \\$aprinted
=610  \0$aJakobikirche (Lübeck, Germany)$1http://www.wikidata.org/entity/Q375042$923973
=650  \0$aOrgan$1http://www.wikidata.org/entity/Q1444$92810
=650  \0$aOrganology$1http://www.wikidata.org/entity/Q899293$921400
=651  \0$aLübeck (Germany)$1http://www.wikidata.org/entity/Q2843$9125
=942  \\$cBOO
=952  \\$00$10$2ddc$40$6INS_3_000000000000000_1E_DE_LUB$70$8INS$912185$aORPH$bORPH$cKTS0$d2020-07-08$eKoopman$i28D16$oINS3.1e DE.LUB$p20123593$r2021-01-12 00:00:00$w2021-01-12$yBOO
=999  \\$d12202

