=LDR  01487cam a2200289 a 4500
=001  12203
=005  20250930152404.0
=008  250930s1988\\\\|||\||||\b|||\00|\0\dut\|
=041  \\$adut
=100  \\$4dte$aDraak, Maartje$914831
=245  00$aMonniken, ridders en zeevaarders:$bopstellen over vroeg-middeleeuwse Ierse cultuur en Middelnederlandse letterkunde
=260  \\$aAmsterdam$bTimmer Prods$c1988
=300  \\$a184 pages
=590  \\$aonder redactie van D.R. Edel, W.P. Gerritsen en K. Veelenturf, aangeboden aan Maartje Draak ; met een bibliografie van haar publikaties ; alsmede een autobiografische bijdrage.
=648  \0$aMiddle Ages (500-1400)$1http://www.wikidata.org/entity/Q12554$920964
=650  \0$aLiterature$1http://www.wikidata.org/entity/Q8242$94439
=650  \0$aCultural history$1http://www.wikidata.org/entity/Q858517$922395
=650  \0$acelts$1https://en.wikipedia.org/w/index.php?title=Celts&oldid=1313902439$941463
=650  \0$aceltology$1http://www.wikidata.org/entity/Q27997$941464
=651  \0$aIreland$1http://www.wikidata.org/entity/Q27$9219
=651  \0$aNetherlands$1http://www.wikidata.org/entity/Q55$1http://www.wikidata.org/entity/Q29999$9173
=700  \\$aEdel, Doris$4edt$914828
=700  \\$aGerritsen, W. P.$4edt$914829
=700  \\$aVeelenturf, K.$4edt$914830
=942  \\$cBOO
=952  \\$00$10$2ddc$40$6TOP_IE$70$8TOP$912186$aORPH$bORPH$cKTS0$d2020-07-08$eKoopman$i28D24$oTOP IE$p20123585$r2021-01-12 00:00:00$w2021-01-12$yBOO
=999  \\$d12203

