=LDR  01071    a2200229   4500
=001  12204
=008  211004t1977\\\\be\af|||\||||\00|\0\eng\d
=041  \\$aeng$adut$ager$afre
=100  \\$4edt$aDe Maeyer, René$922276
=245  \\$aThe Brussels Museum of Musical Instruments Bulletin$nvol. VII-1/2
=260  \\$aBrussels$bKnuf$c1977
=300  \\$a130 pages
=610  \0$aMusical Instruments Museum (Brussels, Belgium)$922388
=648  \0$a17th Century (1601-1700)$1http://www.wikidata.org/entity/Q7016$920923
=648  \0$a16th Century (1501-1600)$1http://www.wikidata.org/entity/Q7017$920944
=648  \0$a18th Century (1701-1800)$1http://www.wikidata.org/entity/Q7015$920899
=650  \0$aOrganology$1http://www.wikidata.org/entity/Q899293$921400
=650  \0$aHarpsichord$1http://www.wikidata.org/entity/Q81982$92125
=651  \0$aEurope$1http://www.wikidata.org/entity/Q46$991
=942  \\$cBOO
=952  \\$00$10$2ddc$40$6INS_1B_BE_BRU1$70$8INS$912187$aORPH$bORPH$cKTS0$d2020-07-08$eKoopman$i28B45$oINS1b BE.BRU1$p20123563$r2021-01-12 00:00:00$w2021-01-12$yBOO
=999  \\$d12204

