=LDR  00307    a2200097   4500
=001  12206
=245  \\$aBachfest-Buch
=260  \\$c2000
=942  \\$cBOO
=952  \\$00$10$40$6BIO_BACH1_E$70$8BIO$912189$aORPH$bORPH$cKTS1_P$d2020-07-08$eKoopman$oBIO BACH1 e$p20121373$r2021-01-12 00:00:00$w2021-01-12$yBOO$OKoopman
=999  \\$c12206$d12206

