=LDR  02216    a2200253   4500
=001  12212
=008  220127s1983\\\\gw\a||||\||||\00|\0\ger\d
=020  \\$a3761806868
=041  \\$ager
=100  \\$aUnverricht, Hubert$d1927-2017$4edt$1http://www.wikidata.org/entity/Q1633468$914509
=245  \\$aMusik Des Ostens.$bSymmposium: Fragen des Orgelbaus im östlichen Mitteleuropa
=260  \\$c1983$aKassel$bBärenreiter
=300  \\$a239 pages-28 plates
=336  \\$aprinted
=490  \\$aMusik des Ostens$v9
=505  \\$aWechselbeziehungen zwischen Orgelbau und Orgelmusik in den österreichisch-habsburgischen Kernländern vom 17. bis 19. Jahrhundert / O. Biba -- Böhmische Einflüsse auf den Orgelbau links des Rheins / B. H. Bonkhoff -- Orgelbaudenkmäler im obersächsischen Raum: Probleme der Konservierung und der Restaurierung / U. Dähnert -- Die Tätigkeit der Familie Casparini und ihr Beitreg zum Orgelbau in Schlesien / J. Gembalski -- Westslowakischer Orgelbau von den ältesten Zeiten bis zum Ende des 19. Jahrhunderts / O. Gergelyi -- Andreas Hildebrandt, ein Danziger Orgelbauer des 18. Jahrhunderts / J. Janca & W. Renkewitz -- Die Orgel des Schlesiers Franz Joseph Eberhardt in der Liebfrauenkirche zu Oberwesel / G. Kaleschke -- Die Ausprägung der Regionalstil im europäischen Orgelbau und ihre Auswirkungen aus das östliche Mitteleuropa / R. Reuter -- Orgelbau und Orgelbauer in Pommern / W. Schwarz -- Die Entwicklung der mährischen Orgelbaukunst bis zum Jahr 1900 / J. Sehnal -- Die Beziehungen des ungarischen Orgelbaues zur mitteleuropäischen und schlesishen Orgellandschaft / K. Szigeti -- Gottlieb Missigs Sammlung von Orgeldispositionen / R. Walter
=650  \0$aOrgan$1http://www.wikidata.org/entity/Q1444$92810
=650  \0$aOrgan music$1http://www.wikidata.org/entity/Q2003283$91951
=650  \0$aOrgan$1http://www.wikidata.org/entity/Q1444$92810
=650  \0$aOrganology$1http://www.wikidata.org/entity/Q899293$921400
=651  \0$aGermany$1http://www.wikidata.org/entity/Q183$9155
=942  \\$cBOO
=952  \\$00$10$2ddc$40$6INS_3_000000000000000_1A$70$8INS$912195$aORPH$bORPH$cKTS0$d2020-07-08$eKoopman$i28E49$oINS3.1a$p20121385$r2021-01-12 00:00:00$w2021-01-12$yBOO
=999  \\$d12212

