=LDR  03517cam a2200433 a 4500
=001  12216
=005  20251103124736.0
=008  821130s1981\\\\enkag\\\\\\\\\001\0\eng\\
=020  \\$a0852495110 :$c£35.00
=040  \\$aOI
=041  \\$aeng
=100  \\$4dte$aDart, Thurston$d1921-1971$1http://www.wikidata.org/entity/Q963003$914832
=245  00$aSource Materials and the Interpretation of Music:$bA Memorial Volume to Thurston Dart
=260  \\$aLondon$bStainer & Bell$c1981
=300  \\$a473 pages$billustrations, music, fold-outs$c24 cm
=504  \\$a"Robert Thurston Dart, bibliography of publications": p. 431-452.
=505  \\$gRota versatilis - towards a reconstruction / M. Bent -- Petrucci at Fossombrone: Some New Editions and Cancels / M. Boorman -- Musical Information in the Archives of the Church of S. Maria Maggiore, Bergamo 1649-1720 / R. Bowman -- English Music for the Scottish Progress of 1617 / Ph. Brett -- Music in Auctions: Dissemination as a Factor of Taste / L. Coral -- The Erokritos: Variation in a Cretan Folksong / L. Duran -- Robertus de Anglia and the Oporto Song Collection / D. Fallows -- Music Manuscripts of John Browne (1608-91) and from Stanford Hall, Leicestershire / N. Fortune -- Archival Material relating to Music in England 1660-1720 / M. Laurie -- English Keyboard Fingering in the 16th and early 17th Centuries / P. Le Huray -- Tang Music and its Fate in Japan / L. Picken -- The Manuscript Presentation and Notation of Adam de la Halle's Courtly Chansons / J. Stevens -- Music and British Travellers Abroad 1600-1730 / M. Tilmouth -- Gregorio Piva and Steffani's Principal Copyist / C. Timms -- Daniel Defoe's Plan for an Academy of Music at Christ's Hospital, with some Notes on his Attitude to Music / B. Trowell -- The Musical Aims of J.S. Bach's Clavierübung III / P. Williams
=600  \0$aHalle, Adam de la$d1237/40-1286/88$1http://www.wikidata.org/entity/Q4214$911369
=600  \0$aPetrucci, Ottaviano$d1466-1539$1http://www.wikidata.org/entity/Q458014$922100
=600  \0$aSteffani, Agostino$d1654-1728$1http://www.wikidata.org/entity/Q395725$914420
=600  \0$aDefoe, Daniel$d1661?-1731$1http://www.wikidata.org/entity/Q40946$910422
=600  \0$aBach, Johann Sebastian$d1685-1750$1http://www.wikidata.org/entity/Q1339$94766
=648  \0$a16th Century (1501-1600)$1http://www.wikidata.org/entity/Q7017$920944
=648  \0$a17th Century (1601-1700)$1http://www.wikidata.org/entity/Q7016$920923
=648  \0$a18th Century (1701-1800)$1http://www.wikidata.org/entity/Q7015$920899
=650  \0$aMusical interpretation$1http://www.wikidata.org/entity/Q1668139$94533
=650  \0$aKeyboard music$1http://www.wikidata.org/entity/Q105715630$921412
=650  \0$aFingering$1http://www.wikidata.org/entity/Q608487$921861
=650  \0$aAuction$1http://www.wikidata.org/entity/Q177923$93849
=650  \0$aGrand Tour$1http://www.wikidata.org/entity/Q6682302$922994
=650  \0$aSong$1http://www.wikidata.org/entity/Q7366$94164
=650  \0$aManuscript$1http://www.wikidata.org/entity/Q87167$92275
=651  \0$aGermany$1http://www.wikidata.org/entity/Q183$9155
=651  \0$aUnited Kingdom$1http://www.wikidata.org/entity/Q21$9273
=651  \0$aJapan$1http://www.wikidata.org/entity/Q17$921369
=700  \\$aBent, Ian$d1938-$4edt$914833
=942  \\$cBOO
=952  \\$00$10$2ddc$40$6MTP_2_000000000000000_BENT$70$8MTP$912199$aORPH$bORPH$cKM12_1$d2020-07-08$eKoopman$i29C27$oMTP2 BENT$p20123457$r2021-01-12 00:00:00$w2021-01-12$yBOO
=999  \\$d12216

