=LDR  00336    a2200097   4500
=001  12217
=245  \\$aStudies over Vondel en zijn tijd
=260  \\$c1939
=942  \\$cBOO
=952  \\$00$10$2ddc$40$6BIO_VOND_E$70$8BIO$912200$aORPH$bORPH$cKTS1_P$d2020-07-08$eKoopman$i29C31$oBIO VOND e$p20123452$r2021-01-12 00:00:00$w2021-01-12$yBOO$OKoopman
=999  \\$c12217$d12217

