=LDR  01023aam a2200217   4500
=001  12218
=005  20250920142631.0
=008  220216s1951\\\\gw\a||||\||||\00|\0\ger\d
=041  \\$ager
=100  \\$4aut$aVarious$94793
=245  \\$aDie Barock, seine Orgeln und seine Musik in Oberschwaben.$bZugleich der Bericht über die Tagung in Ochsenhausen 1951
=260  \\$aBerlin$aDarmstadt$bMerseburger$c1952
=490  \\$aGesellschaft der Orgelfreunde$v1
=648  \0$a18th Century (1701-1800)$1http://www.wikidata.org/entity/Q7015$920899
=648  \0$a19th Century (1801-1900)$1http://www.wikidata.org/entity/Q6955$920935
=650  \0$aOrgan music$1http://www.wikidata.org/entity/Q2003283$91951
=651  \0$aUpper Swabia (Germany)$1http://www.wikidata.org/entity/Q445702$923319
=700  \\$4edt$aSupper, Walter$913477
=942  \\$cBOO
=952  \\$00$10$2ddc$40$6INS_3_000000000000000_1A_DE_UPP$70$8INS$912201$aORPH$bORPH$cKTS0$d2020-07-08$eKoopman$i29D06$oINS 3.1a DE.UPP$p20121358$r2021-01-12 00:00:00$w2021-01-12$yBOO
=999  \\$d12218

