=LDR  01063cam a22002174a 4500
=001  12219
=008  070504s2006\\\\ne\a\\\\\\\\\\000\0\dut\\
=020  \\$a9057304325
=041  \\$adut
=245  00$aOrgels van de wederopbouw.$bHet orgel van de Nicolaïkerk in Utrecht en andere orgels van na 1945
=260  \\$aZutphen $bWalburg Pers$bStichting Klankkleurenfestival$bStichting Nederlandse Orgelmonografieën$c2006
=300  \\$a320 pages$bill. $c25 cm
=490  0\$aNederlandse orgelmonografieën$v8
=610  \0$aNicolaïkerk (Utrecht, Netherlands)$1http://www.wikidata.org/entity/Q2372424$921811
=650  \0$aOrgan$1http://www.wikidata.org/entity/Q1444$92810
=651  \0$aNetherlands$1http://www.wikidata.org/entity/Q55$9173
=651  \0$aUtrecht (Netherlands)$1http://www.wikidata.org/entity/Q803$9141
=700  \\$aFidom, Hans$4edt$915937
=942  \\$cBOO
=952  \\$00$10$2ddc$40$6INS_3_000000000000000_1E_NL_UTR$70$8INS$912202$aORPH$bORPH$cKTS0$d2020-07-08$eKoopman$i29D08$l0$oINS3.1e NL.UTR$p20121357$r2021-01-12 00:00:00$w2021-01-12$yBOO$OKoopman
=999  \\$d12219

