=LDR  01345    a2200241   4500
=001  12220
=008  220915s1997\\\\it\lf|||\||||\00|\0\ita\d
=041  \\$aita
=245  \\$aL'Antegnati di Santa Barbara (1565). L'organo della basilica palatina dei Gonzaga: riscoperta, recupero, restauro
=260  \\$c1997$aMantova$bDiocesi di Mantova
=300  \\$a2 voll (40+95 pages)
=610  \0$aBasilica Palatina di Santa Barbara (Mantua, Italy)$1http://www.wikidata.org/entity/Q3635635$922548
=650  \0$aOrganology$1http://www.wikidata.org/entity/Q899293$921400
=650  \0$aOrgan$1http://www.wikidata.org/entity/Q1444$92810
=651  \0$aMantua (Italy)$1http://www.wikidata.org/entity/Q6247$921593
=700  \\$4ctb$aMari, Lucia$924955
=700  \\$4ctb$aForni, Umberto$910920
=700  \\$4ctb$aRossi, Damiano$924956
=700  \\$4ctb$aDassenno, Flavio$910382
=942  \\$cBOO
=952  \\$00$10$2ddc$40$6INS_3_000000000000000_1E_IN_MAN$70$8INS$912203$aORPH$bORPH$cKTS0$d2020-07-08$eKoopman$i45F30$l0$oINS3.1e IN.MAN$p20121352$r2021-01-12 00:00:00$w2021-01-12$yBOO$OKoopman
=952  \\$00$10$2ddc$3Atti della giornata di studio: riflessioni sulla tutela degli organi storici$40$6INS_3_000000000000000_1E_IN_MAN$70$8INS$921861$aORPH$bORPH$cKTS0$d2020-07-08$eKoopman$i45F30$l0$oINS3.1e IN.MAN$p20127494$r2021-01-12 00:00:00$w2021-01-12$yBOO
=999  \\$d12220

