=LDR  01251cam a22002654a 4500
=001  12225
=005  20250507101943.0
=008  060427s2003\\\\gw\a\\\\\b\\\\010\0\ger\\
=020  \\$a3980620859
=040  \\$aOI
=041  0\$ager$aeng$adut
=100  \\$4dte$aAhrens, Christian$d1943-$99058
=245  00$aVom rechten Thon der Orgeln und anderer Instrumenten.$bFestschrift Christian Ahrens zum 60. Geburtstag
=260  \\$aBad Köstritz$bForschungs- und Gedenkstätte Heinrich-Schütz-Haus$c2003
=300  \\$a358 pages$bill. ;$c21 cm.
=490  0\$aKöstritzer Schriften$v2
=504  \\$aIncludes bibliographical references.
=505  0\$aInstrumentenkunde -- Musik 1600-1900 -- Musik im 20./21. Jahrhundert -- Varia -- Verzeichnis der Publikation von Christian Ahrens.
=546  \\$aPrincipally in German; one contribution in English, one in dutch
=650  \0$aOrganology$1http://www.wikidata.org/entity/Q899293$921400
=700  \\$aAbels, Birgit$4edt$914835
=942  \\$cBOO
=952  \\$00$10$2ddc$40$6REF_4_000000000000000_AHRE$70$8REF$912208$aORPH$bORPH$cKM12_1$d2020-07-08$eKoopman$i29D21$l0$oREF 4 AHRE$p20121346$r2021-03-29 00:00:00$w2021-01-12$yBOO
=999  \\$c12225$d12225
=650  \0$aMusic history$1http://www.wikidata.org/entity/Q846047$921373

