=LDR  00943    a2200205   4500
=001  12226
=008  220502s2008\\\\gw\f||||\||||\00|\0\ger\d
=041  \\$ager
=100  \\$4aut$aVarious$94793
=245  \\$aDie Stellwagen-Orgel in der Marienkirche zu Stralsund.$bFestschrift zur Wiederweihe der Restaurierten Orgel
=260  \\$c2008$aStralsund$bEv. Kirchengemeinde St. Marien 
=300  \\$a128 pages
=336  \\$aprinted
=610  \0$aSt.-Marien-Kirche (Stralsund, Germany)$1http://www.wikidata.org/entity/Q704346$924066
=650  \0$aOrgan$1http://www.wikidata.org/entity/Q1444$92810
=650  \0$aOrganology$1http://www.wikidata.org/entity/Q899293$921400
=651  \0$aStralsund (Germany)$1http://www.wikidata.org/entity/Q4065$924067
=942  \\$cBOO
=952  \\$00$10$2ddc$40$6INS_3_000000000000000_1E_DE_STR$70$8INS$912209$aORPH$bORPH$cKTS0$d2020-07-08$eKoopman$i29D39$oINS3.1e DE.STR$p20121329$r2021-01-12 00:00:00$w2021-01-12$yBOO
=999  \\$d12226

