=LDR  01111    a2200241   4500
=001  12227
=008  211118s2007\\\\\\\|||||\||||\00|\0\ger\d
=020  \\$a9783940319029
=041  \\$ager
=100  \\$4aut$aVarious$94793
=245  \\$aDie Gottfried-Silbermann-Orgel der Petrikirche zu Freiberg.$bEntstehung, Veränderung, Rekonstruktion
=260  \\$aDresden$bSandstein$c2007
=300  \\$a92 pages
=336  \\$aprinted
=600  \0$aSilbermann, Gottfried$d1683-1753$1http://www.wikidata.org/entity/Q61720$914779
=610  \0$aSt. Petri (Freiberg, Germany)$1http://www.wikidata.org/entity/Q2327461$922937
=648  \0$a18th Century (1701-1800)$1http://www.wikidata.org/entity/Q7015$920899
=650  \0$aOrgan$1http://www.wikidata.org/entity/Q1444$92810
=650  \0$aChurch$1http://www.wikidata.org/entity/Q16970$93776
=651  \0$aFreiberg (Germany)$1http://www.wikidata.org/entity/Q14819$922938
=942  \\$cBOO
=952  \\$00$10$2ddc$40$6INS_3_000000000000000_1E_DE_FRE2$70$8INS$912210$aORPH$bORPH$cKTS0$d2020-07-08$eKoopman$i29D40$oINS3.1e DE.FRE2$p20121328$r2021-01-12 00:00:00$w2021-01-12$yBOO
=999  \\$d12227

