=LDR  01147cam a22002414a 4500
=001  12229
=008  050720s2004\\\\nl\fa\\\\\\\\\000\0\dut\\
=020  \\$a9057303108
=040  \\$aOI
=041  \\$adut$beng
=245  00$aEen Pronkjuweel op het Hogeland.$bHet Arp Schnitger-orgel te Uithuizen
=260  \\$aZutphen $bWalburg Pers $bStichting Nederlandse Orgelmonografieën$bKerkrentmeesters Hervormede gemeente Uithuizen$c2004
=300  \\$a247 pages$bill. $c25 cm
=490  0\$aNederlandse orgelmonografieën $v6
=546  \\$aIncludes summary in English.
=610  \0$aJacobikerk (Uithuizen, Netherlands)$1http://www.wikidata.org/entity/Q2663160$91674
=650  \0$aOrgan$1http://www.wikidata.org/entity/Q1444$92810
=651  \0$aUithuizen (Netherlands)$1http://www.wikidata.org/entity/Q2223679$925524
=700  \\$4edt$aDijk, Peter van$919446
=710  \\$aKerkrentmeesters Hervormde gemeente Uithuizen (Netherlands)$91675
=942  \\$cBOO
=952  \\$00$10$2ddc$40$6INS_3_000000000000000_1E_NL_UIT$70$8INS$912212$aORPH$bORPH$cKTS0$d2020-07-08$eKoopman$i29D42$l0$oINS3.1e NL.UIT$p20121326$r2021-01-12 00:00:00$w2021-01-12$yBOO$OKoopman
=999  \\$d12229

