=LDR  00846    a2200193   4500
=001  12231
=008  230126s2004\\\\sw\af|||\||||\00|\0\mul\d
=041  \\$aswe$ager
=245  \\$aDie Düben-Orgel.$bFestschrift zur Einweihung - Stockholm 9. Mai 2004
=260  \\$c2004$aStockholm
=300  \\$a39 pages
=600  10$aDüben, Andreas$d1597-1662$925784
=650  \0$aOrgan$1http://www.wikidata.org/entity/Q1444$92810
=650  \0$aOrganology$1http://www.wikidata.org/entity/Q899293$921400
=651  \0$aStockholm (Sweden)$1http://www.wikidata.org/entity/Q1754$924507
=710  \\$4edt$925783$aTyska S:ta Gertruds Församling Stockholm
=942  \\$cBOO
=952  \\$00$10$2ddc$40$6INS_3_000000000000000_1E_SE_STO$70$8INS$912214$aORPH$bORPH$cKTS0$d2020-07-08$eKoopman$i29D51$l0$oINS3.1e SE.STO$p20140129$r2021-01-12 00:00:00$w2021-01-12$yBOO$OKoopman
=999  \\$d12231

