=LDR  00955    a2200205   4500
=001  12232
=008  220428s2001\\\\gw\f||||\||||\00|\0\ger\d
=041  \\$ager
=100  \\$4aut$aVarious$94793
=245  \\$aFestschrift zur Einweihung der restaurierten Geib-Orgel der katholischen Kirche St. Cyriakus in Ludwigshafen-Ruchheim
=260  \\$c2001$aRuchheim
=300  \\$a21 pages
=336  \\$aprinted
=610  \0$aSt. Cyriakuskirche (Ludwigshafen-Ruchheim, Germany)$1http://www.wikidata.org/entity/Q1693287$924020
=650  \0$aOrgan$1http://www.wikidata.org/entity/Q1444$92810
=650  \0$aOrganology$1http://www.wikidata.org/entity/Q899293$921400
=651  \0$aRuchheim (Ludwigshafen am Rhein, Germany)$1http://www.wikidata.org/entity/Q22556$924021
=942  \\$cBOO
=952  \\$00$10$2ddc$40$6INS_3_000000000000000_1E_DE_RUC$70$8INS$912215$aORPH$bORPH$cKTS0$d2020-07-08$eKoopman$i29D55$oINS3.1e DE.RUC$p20121315$r2021-01-12 00:00:00$w2021-01-12$yBOO
=999  \\$d12232

