=LDR  00905    a2200217   4500
=001  12233
=008  220409s1998\\\\gw\af|||\||||\00|\0\ger\d
=020  \\$a3922442293
=041  \\$ager
=245  \\$aDie neue Schwalbennest-Orgel im Kölner Dom. Festschrift
=260  \\$c1998$aCologne$bVerlag Kölner Dom
=300  \\$a44 pages
=336  \\$aprinted
=490  \\$aMeisterwerke des Kölner Domes$v4
=610  \0$aKölner Dom (Cologne, Germany)$1http://www.wikidata.org/entity/Q4176$921621
=650  \0$aOrgan$1http://www.wikidata.org/entity/Q1444$92810
=650  \0$aOrganology$1http://www.wikidata.org/entity/Q899293$921400
=651  \0$aCologne (Germany)$1http://www.wikidata.org/entity/Q365$921601
=942  \\$cBOO
=952  \\$00$10$2ddc$40$6INS_3_000000000000000_1E_DE_COL$70$8INS$912216$aORPH$bORPH$cKTS0$d2020-07-08$eKoopman$i29D57$oINS3.1e DE.COL$p20121313$r2021-01-12 00:00:00$w2021-01-12$yBOO
=999  \\$d12233

