=LDR  00882    a2200205   4500
=001  12234
=008  220502s2006\\\\gw\f||||\||||\00|\0\ger\d
=041  \\$ager
=100  \\$4aut$aVarious$94793
=245  \\$aDie Orgel zu Pomssen.$bFestschrift zur Wiederweihe
=260  \\$c1995$aBeucha$bSax Verlag
=300  \\$a97 pages
=336  \\$aprinted
=610  \0$aWehrkirche Pomßen (Parthenstein, Germany)$1http://www.wikidata.org/entity/Q34359516$924058
=650  \0$aOrgan$1http://www.wikidata.org/entity/Q1444$92810
=650  \0$aOrganology$1http://www.wikidata.org/entity/Q899293$921400
=651  \0$aPomßen (Parthenstein, Germany)$1http://www.wikidata.org/entity/Q1328686$924059
=942  \\$cBOO
=952  \\$00$10$2ddc$40$6INS_3_000000000000000_1E_DE_POM$70$8INS$912217$aORPH$bORPH$cKTS0$d2020-07-08$eKoopman$i29D63$oINS3.1e DE.POM$p20130337$r2021-01-12 00:00:00$w2021-01-12$yBOO
=999  \\$d12234

