=LDR  00782    a2200205   4500
=001  12235
=008  220321s1995\\\\gw\a||||\||||\00|\0\gw\\d
=020  \\$a9783934544970
=041  \\$ager
=100  \\$4aut$aVarious$94793
=245  \\$aDie Epiphanien-Orgel
=260  \\$c1995$aBerlin$bKirchengemeinde Epiphanien Berlin-Charlottenburg
=300  \\$a33 pages
=336  \\$aprinted
=650  \0$aOrgan$1http://www.wikidata.org/entity/Q1444$92810
=650  \0$aOrganology$1http://www.wikidata.org/entity/Q899293$921400
=651  \0$aGermany$1http://www.wikidata.org/entity/Q183$9155
=942  \\$cBOO
=952  \\$00$10$2ddc$40$6INS_3_000000000000000_1E_DE_BER$70$8INS$912218$aORPH$bORPH$cKTS0$d2020-07-08$eKoopman$i29D62$oINS3.1e DE.BER$p20130338$r2021-01-12 00:00:00$w2021-01-12$yBOO
=999  \\$d12235

