=LDR  00839    a2200205   4500
=001  12236
=008  220415s2000\\\\gw\f||||\||||\00|\0\ger\d
=041  \\$ager
=100  \\$4aut$aVarious$94793
=245  \\$aDie König-Orgel der Kempener Paterskirche
=260  \\$c2000$aKempen
=300  \\$a88 pages
=336  \\$aprinted
=610  \0$aFranziskanerkloster (Kempen, Germany)$1http://www.wikidata.org/entity/Q1450337$923934
=650  \0$aOrgan$1http://www.wikidata.org/entity/Q1444$92810
=650  \0$aOrganology$1http://www.wikidata.org/entity/Q899293$921400
=651  \0$aKempen (Germany)$1http://www.wikidata.org/entity/Q14929$923933
=942  \\$cBOO
=952  \\$00$10$2ddc$40$6INS_3_000000000000000_1E_DE_KEM$70$8INS$912219$aORPH$bORPH$cKTS0$d2020-07-08$eKoopman$i29D66$oINS3.1e DE.KEM$p20121304$r2021-01-12 00:00:00$w2021-01-12$yDIS
=999  \\$d12236

