=LDR  00373    a2200109   4500
=001  12237
=020  \\$a3374005454
=245  \\$aJohann Sebastian Bach. Ehre sei dir Gott gesungen
=260  \\$c1986
=942  \\$cBOO
=952  \\$00$10$2ddc$40$6BIO_BACH1_D$70$8BIO$912220$aORPH$bORPH$cKTS1_P$d2020-07-08$eKoopman$i29F01$oBIO BACH1 d$p20121281$r2021-01-12 00:00:00$w2021-01-12$yBOO
=999  \\$c12237$d12237

