=LDR  00977aam a2200229   4500
=001  12238
=008  211115s2001\\\\nl\af|||\||||\00|\0\dut\d
=020  \\$a9080443913
=041  \\$adut
=100  \\$aFischer, Hermann$d1928-2020$4edt$99804
=245  \\$aDe beschilderde orgelluiken in Europa:$been erfgoed van grote schoonheid met een rijke historie en van onvervangbare waarde
=260  \\$aRotterdam$bStichting Organa Historica$c2001
=300  \\$a720 pages
=336  \\$aprinted
=650  \0$aOrgan shutter$922815
=650  \0$aOrgan$1http://www.wikidata.org/entity/Q1444$92810
=650  \0$aFine art$1http://www.wikidata.org/entity/Q219625$921579
=650  \0$aIconography$1http://www.wikidata.org/entity/Q208145$921259
=651  \0$aEurope$1http://www.wikidata.org/entity/Q46$991
=942  \\$cBOO
=952  \\$00$10$2ddc$40$6INS_3_000000000000000_1A$70$8INS$912221$aORPH$bORPH$cKTS0$d2020-07-08$eKoopman$i29F05$oINS3.1a$p20121277$r2021-01-12 00:00:00$w2021-01-12$yBOO
=999  \\$d12238

