=LDR  01438cam a22003014a 4500
=001  12239
=005  20250120120002.0
=008  011121s2001\\\\ne\a\\\\\bc\\\001\0\dut\\
=020  \\$a9056622196
=040  \\$aOI
=041  \\$adut
=100  \\$aBosch, Hieronymus$dc. 1450-1516$1http://www.wikidata.org/entity/Q130531$4art$910487
=245  10$aJheronimus Bosch:$balle schilderijen en tekeningen
=260  \\$aRotterdam$bMuseum Boijmans Van Beuningen$bNAi Uitgevers$aAmsterdam$bLudion Gent$c2001
=300  \\$a207 pages$billustrations (some color)$c32 cm
=504  \\$aIncludes bibliographical references (p. [199]-[200]) and index.
=600  \0$aBosch, Hieronymus$dc. 1450-1516$1http://www.wikidata.org/entity/Q130531$910487
=648  \0$a15th Century (1401-1500)$1http://www.wikidata.org/entity/Q7018$921015
=648  \0$a16th Century (1501-1600)$1http://www.wikidata.org/entity/Q7017$920944
=650  \0$aFine art$1http://www.wikidata.org/entity/Q219625$921579
=651  \0$aNetherlands$1http://www.wikidata.org/entity/Q55$9173
=700  \\$aKoldeweij, A. M.$912101$4edt
=700  \\$aVandenbroeck, Paul$4edt$914838
=700  \\$aVermet, Bernard$4edt$914839
=710  \\$aMuseum Boijmans Van Beuningen (Rotterdam, Netherlands)$91676
=942  \\$cBOO
=952  \\$00$10$2ddc$40$6BIO_BOSC_C$70$8BIO$912222$aORPH$bORPH$cKTS1_P$d2020-07-08$eKoopman$i29F12$oBIO BOSC c$p20121267$r2021-01-12 00:00:00$w2021-01-12$yBOO$OKoopman
=999  \\$d12239

