=LDR  00343    a2200109   4500
=001  12240
=020  \\$a9783829017473
=245  \\$aIl Barocco
=260  \\$c1997
=942  \\$cBOO
=952  \\$00$10$2ddc$40$6VIS_TOMA$70$8VIS$912223$aORPH$bORPH$cKTS1_H$d2020-07-08$eKoopman$i29F20$l0$oVIS TOMA$p20121262$r2021-01-12 00:00:00$w2021-01-12$yBOO$OKoopman
=999  \\$c12240$d12240

