=LDR  01622cam a22003497a 4500
=001  12241
=005  20250925143259.0
=008  021108s2002\\\\ne\a\\\\\bc\\\001\0\dut\d
=020  \\$a9040096600
=040  \\$aOI
=041  \\$adut
=042  \\$alccopycat
=043  \\$ae-ne---
=245  00$aSchatten in Delft:$bburgers verzamelen, 1600-1750. 1602-2002, 400 jaar Verenigde Ost-Indische Compagnie
=246  30$aBurgers verzamelen 1600-1750
=260  \\$aZwolle$bWaanders$aDelft$bStedelijk Museum Het Prinsenhof$c2002
=300  \\$a192 pages$billustrations (some color)$c31 cm
=504  \\$aIncludes bibliographical references (p. 176-183) and index.
=610  \0$aVereenigde Oostindische Compagnie$1http://www.wikidata.org/entity/Q159766$91677
=648  \0$a17th Century (1601-1700)$1http://www.wikidata.org/entity/Q7016$920923
=648  \0$a18th Century (1701-1800)$1http://www.wikidata.org/entity/Q7015$920899
=648  \0$a19th Century (1801-1900)$1http://www.wikidata.org/entity/Q6955$920935
=648  \0$a20th Century (1901-2000)$1http://www.wikidata.org/entity/Q6927$920936
=650  \0$aCollecting$1http://www.wikidata.org/entity/Q208165$92117
=651  \0$aNetherlands$1http://www.wikidata.org/entity/Q55$9173
=651  \0$aIndia$1http://www.wikidata.org/entity/Q668$922078
=700  \\$aBergvelt, Ellinoor$4edt$99532
=700  \\$aJonker, Michiel$4edt$914840
=700  \\$aWiechmann, Agnes$4edt$914841
=942  \\$cBOO
=952  \\$00$10$2ddc$40$6TOP_NL_5_000000000000000$70$8TOP$912224$aORPH$bORPH$cKTS0$d2020-07-08$eKoopman$i29F24$oTOP NL 5$p20121258$r2021-01-12 00:00:00$w2021-01-12$yBOO
=999  \\$d12241

