=LDR  01136aam a2200253   4500
=001  12242
=005  20250930094758.0
=008  230703s2001\\\\de\fbga|\||||\00|\0\ger\d
=041  \\$ager
=100  \\$4edt$926374$aHuber, Alfons
=245  \\$aDas Österreichische Cembalo.$b600 Jähre Cembalobau in Österreich. Im Gedanken an Hermann Poll aus Wien (1370-1401)
=260  \\$aTutzing$bSchneider$c2001
=300  \\$a638 pages
=600  10$aPoll, Hermann$d1370-1401$926375
=648  \0$1http://www.wikidata.org/entity/Q192630$aPast$922196
=650  \0$1http://www.wikidata.org/entity/Q81982$aHarpsichord$92125
=650  \0$1http://www.wikidata.org/entity/Q52954$aKeyboard instrument$92849
=650  \0$1http://www.wikidata.org/entity/Q899293$aOrganology$921400
=651  \0$1http://www.wikidata.org/entity/Q40$aAustria$9202
=700  \\$4aut$94793$aVarious
=710  \\$4edt$aKunsthistorisches Museum (Vienna, Austria)$91760
=942  \\$cBOO
=952  \\$00$10$2ddc$40$6INS_3_000000000000000_2A_AU$70$8INS$912225$aORPH$bORPH$cKTS0$d2020-07-08$eKoopman$i29F28$l0$oINS3.2a AU$p20121254$r2021-01-12 00:00:00$w2021-01-12$yBOO$OKoopman
=999  \\$d12242

