=LDR  01460aam a2200301   4500
=001  12247
=005  20251029112325.0
=008  250107s2003\\\\|||ao|||\c|||\00|\0\dut\d
=020  \\$a9789053494462
=041  \\$adut
=245  \\$aAnversa & Genova.$bEen hoogtepunt in de barokschilderkunst
=260  \\$c2003$aAntwerp$bKoninklijk Museum voor Schone Kunsten Antwerpen
=300  \\$a167 pages
=590  \\$aKoninklijk Museum voor Schone Kunsten Antwerpen, 4 oktober 2003 - 1 januari 2004
=648  \0$a16th Century (1501-1600)$1http://www.wikidata.org/entity/Q7017$920944
=648  \0$a17th Century (1601-1700)$1http://www.wikidata.org/entity/Q7016$920923
=650  \0$aFine art$1http://www.wikidata.org/entity/Q219625$921579
=650  \0$aCatalogue$1http://www.wikidata.org/entity/Q2352616$1http://www.wikidata.org/entity/Q6941730$921484
=650  \0$aExhibition$1http://www.wikidata.org/entity/Q464980$925353
=651  \0$aAntwerp (Belgium)$1http://www.wikidata.org/entity/Q12892$920974
=651  \0$aGenoa (Italy)$1http://www.wikidata.org/entity/Q1449$924495
=700  \\$aGallo, Marzia Cataldi$4aut$4cur$939376
=700  \\$aVan Hout, Nico$4cur$939371
=700  \\$aKlerck, Bram de$4aut$939377
=700  \\$aMassa, Paola$4aut$939379
=942  \\$cBOO
=952  \\$00$10$2ddc$40$6TOP_BE_ANT_4_000000000000000$70$8TOP$912230$aORPH$bORPH$cKTS0$d2020-07-08$eKoopman$i30C11$l0$oTOP BE.ANT 4$p20121234$r2021-01-12 00:00:00$w2021-01-12$yBOO$OKoopman
=999  \\$d12247

