=LDR  01090aam a2200229   4500
=001  12248
=008  250217s2005\\\\|||a||||\||||\00|\0\ger\d
=020  \\$a9783775716475
=041  \\$ager
=100  \\$4edt$4ctb
=245  \\$aMelancholie.$bGenie und Wahnsinn in der Kunst
=260  \\$aOstfildern$bHatje Cantz$aParis$bRéunion des Musées Nationaux$aBerlin$bStaatliche Museen zu Berlin$c2005
=600  \0$aDürer, Albrecht$d1471-1528$1http://www.wikidata.org/entity/Q5580$915684
=648  \0$aPast$1http://www.wikidata.org/entity/Q192630$922196
=650  \0$aFine art$1http://www.wikidata.org/entity/Q219625$921579
=650  \0$aIconography$1http://www.wikidata.org/entity/Q208145$921259
=650  \0$aEmotion$1http://www.wikidata.org/entity/Q9415$921566
=650  \0$aPsychology$1http://www.wikidata.org/entity/Q9418$922578
=651  \0$aEurope$1http://www.wikidata.org/entity/Q46$991
=942  \\$cBOO
=952  \\$00$10$2ddc$40$6VIS_CLAI$70$8VIS$912231$aORPH$bORPH$cKTS1_H$d2020-07-08$eKoopman$i30C15$l1$oVIS CLAI$p20121229$r2025-02-17 14:28:51$s2024-12-23$w2021-01-12$yBOO$OKoopman
=999  \\$d12248

