=LDR  01750cam a2200313 a 4500
=001  12249
=005  20251003085459.0
=008  890202s1988\\\\gw\ao\\\\bc\\\001\0dger\\
=041  \\$ager
=245  10$aBarocke Sammellust:$bdie Bibliothek und Kunstkammer des Herzogs Ferdinand Albrecht zu Braunschweig-Lüneburg (1636-1687)
=260  \\$aWeinheim$bVCH, Acta Humaniora$c1988
=300  \\$a288 pages$billustrations (some color)$c26 cm
=490  \\$aAusstellungskataloge der Herzog August Bibliothek$v57
=500  \\$aExhibition Catalog "Barocke Sammelkunst", Zeughaus Herzog August Bibliothek , Wolfenbüttel, 28.5-30.10.1988
=504  \\$aBibliography: p. 283-284.
=600  \0$aFerdinand Albert I, Duke of Braunschweig-Lüneburg$d1636-1687$1http://www.wikidata.org/entity/Q27571870$914849
=610  \0$aHerzog August Bibliothek (Wolfenbüttel, Germany)$91683
=648  \0$a17th Century (1601-1700)$1http://www.wikidata.org/entity/Q7016$920923
=650  \0$aLibrary$1http://www.wikidata.org/entity/Q7075$94229
=650  \0$aCollecting$1http://www.wikidata.org/entity/Q208165$92117
=650  \0$aFine art$1http://www.wikidata.org/entity/Q219625$921579
=650  \0$aExhibition$1http://www.wikidata.org/entity/Q464980$925353
=650  \0$aCatalogue$1http://www.wikidata.org/entity/Q2352616$1http://www.wikidata.org/entity/Q6941730$921484
=651  \0$aWolfenbüttel (Germany)$1http://www.wikidata.org/entity/Q4122$923426
=651  \0$aBrunswick (Germany)$1http://www.wikidata.org/entity/Q2773$950
=700  \\$4cur$aBepler, Jill$914848
=942  \\$cBOO
=952  \\$00$10$2ddc$40$6TOP_DE_BRA1_5_000000000000000$70$8TOP$912232$aORPH$bORPH$cKTS0$d2020-07-08$eKoopman$i30C20$oTOP DE.BRA1 5$p20121217$r2021-01-12 00:00:00$w2021-01-12$yBOO
=999  \\$d12249

