=LDR  02025cam a22003614a 4500
=001  12250
=005  20251023142352.0
=008  061210s2006\\\\\\\af\\\\bc\\\000\0\ita\d
=041  \\$aita
=245  00$aSplendori del Risorto.$bArte e fede nelle Chiese del Triveneto
=260  \\$aCinisello Balsamo$bSilvana$c2006
=300  \\$a223 pages
=500  \\$aOn the iconography in the arts of the 15th to the 18th century of the Resurrecion of Christ 
=500  \\$aOn the occasion of the 4th Convegno Ecclesiale Nazionale "L'arte del segno della resurrezione" Verona 16-20 october 2006 and the Exhibition "Splendori del Risorto" 13 october 2006-7 January 2007 in the Museum Miniscalchi-Erizzo in Verona
=504  \\$aIncludes bibliographical references (p. 215-223).
=648  \0$aRenaissance (1400-1600)$1http://www.wikidata.org/entity/Q4692$920965
=648  \0$a17th Century (1601-1700)$1http://www.wikidata.org/entity/Q7016$920923
=648  \0$a18th Century (1701-1800)$1http://www.wikidata.org/entity/Q7015$920899
=650  \0$aChurch$1http://www.wikidata.org/entity/Q16970$93776
=650  \0$aArchitecture$1http://www.wikidata.org/entity/Q12271$93185
=650  \0$aFine art$1http://www.wikidata.org/entity/Q219625$921579
=650  \0$aApplied arts$1http://www.wikidata.org/entity/Q2865882$921627
=650  \0$aIconography$1http://www.wikidata.org/entity/Q208145$921259
=650  \0$aCatholicism$1http://www.wikidata.org/entity/Q1841$921631
=650  \0$aResurrection of Jesus$1http://www.wikidata.org/entity/Q51624$941652
=651  \0$aVeneto (Italy)$1http://www.wikidata.org/entity/Q1243$922666
=700  \\$4aut$aNante, A.$922664
=700  \\$4aut$aSpiazzi, A. M.$922663
=700  \\$4aut$aAndergassen, L.$922665
=856  \\$uhttp://www.loc.gov/catdir/toc/casalini05/06530044.pdf$3Table of contents
=942  \\$cBOO
=952  \\$00$10$2ddc$40$6TOP_IT_VEN2_4_000000000000000$70$8TOP$912233$aORPH$bORPH$cKTS0$d2020-07-08$eKoopman$i30C27$oTOP IT.VEN2 4$p20121211$r2021-01-12 00:00:00$w2021-01-12$yBOO
=999  \\$d12250

