=LDR  01117cam a2200217 a 4500
=001  12251
=005  20250925143259.0
=008  830414s1983\\\\ne\a\\\\\b\\\\010\0\dut\\
=020  \\$a9061944236 :$cfl 49.50
=040  \\$aOI
=100  \\$4dte$aMeeuwesse, Karel$914853
=245  00$aOp grond van de tekst.$bOpstellen aangeboden aan Prof. Dr. Karel Meeuwesse, ter gelegenheid van zijn afscheid als hoogleraar in de theorie der letteren en de geschiedenis der Nederlandse letterkunde van de twintigste eeuw aan de Katholieke Universiteit te Nijmegen (1960-1982)
=260  \\$aUtrecht$bHES$c1983
=300  \\$a293 pages$bill. $c23 cm.
=504  \\$aIncludes bibliographical references.
=648  \0$a20th Century (1901-2000)$1http://www.wikidata.org/entity/Q6927$920936
=650  \0$aPoetry$1http://www.wikidata.org/entity/Q482$93026
=710  \\$aRadboud Universiteit Nijmegen (Netherlands)$4edt$1http://www.wikidata.org/entity/Q632004$91685
=942  \\$cBOO
=952  \\$00$10$2ddc$40$6REF_4MEEU$70$8REF$912234$aORPH$bORPH$cKM12_1$d2020-07-08$eKoopman$i30D03$oREF4MEEU$p20121206$r2021-01-12 00:00:00$w2021-01-12$yBOO
=999  \\$d12251

