=LDR  01237aam a2200241   4500
=001  12253
=008  250904s2006\\\\||||||||\||||\00|\0\dut\d
=020  \\$a9789065509260
=041  \\$adut
=245  \\$aBeelden van Leiden:$bzelfbeeld en representatie van een Hollandse stad in de vroegmoderne tijd, 1550-1800
=260  \\$aHilversum$bVerloren$c2006
=648  \0$a16th Century (1501-1600)$1http://www.wikidata.org/entity/Q7017$920944
=648  \0$a17th Century (1601-1700)$1http://www.wikidata.org/entity/Q7016$920923
=648  \0$a18th Century (1701-1800)$1http://www.wikidata.org/entity/Q7015$920899
=650  \0$aCultural history$1http://www.wikidata.org/entity/Q858517$922395
=650  \0$aUrban design$1http://www.wikidata.org/entity/Q63100$939883
=651  \0$aLeiden (Netherlands)$1http://www.wikidata.org/entity/Q43631$978
=700  \\$aRoding, Juliette$1http://www.wikidata.org/entity/Q112496886$4edt$914716
=700  \\$aSneller, A. Agnes$1http://www.wikidata.org/entity/Q108457581$4edt$913596
=700  \\$4edt
=942  \\$cBOO
=952  \\$00$10$2ddc$40$6TOP_NL_LEI_4_000000000000000$70$8TOP$912236$aORPH$bORPH$cKTS0$d2020-07-08$eKoopman$i30D07$l0$oTOP NL.LEI 4$p20121202$r2021-01-12 00:00:00$w2021-01-12$yBOO$OKoopman
=999  \\$d12253

