=LDR  01464cam a2200301 a 4500
=001  12256
=005  20250120120240.0
=008  890711s1989\\\\ne\ac\\\\b\\\\011\0\eng\d
=010  \\$a  2001406097
=020  \\$a9061943671
=100  \\$aIsrael, Nico$1http://www.wikidata.org/entity/Q112842495$4dte$914857
=245  00$aTheatrum orbis librorum.$bLiber Amicorum presented to Nico Israel on the occasion of his seventieth birthday
=260  \\$aUtrecht$bHES Publishers - Forum Antiquarian Booksellers$c1989
=300  \\$axii-518 pages$bill.$c25 cm.
=504  \\$aIncludes bibliographical references and index.
=546  \\$aContributions in English (some translated from Dutch), French, and German.
=650  \0$aBook$1http://www.wikidata.org/entity/Q571$92285
=650  \0$aPrinting$1http://www.wikidata.org/entity/Q11034$921936
=650  \0$aTranslation$1http://www.wikidata.org/entity/Q7553$92492
=650  \0$aCollecting$1http://www.wikidata.org/entity/Q208165$92117
=650  \0$aTravel$1http://www.wikidata.org/entity/Q61509$94440
=650  \0$aLibrary$1http://www.wikidata.org/entity/Q7075$94229
=700  \\$aCroiset van Uchelen, A. R. A.$4edt$914854
=700  \\$aHorst, K. van der$4edt$914855
=700  \\$aSchilder, Günter$4edt$914856
=942  \\$cBOO
=952  \\$00$10$2ddc$40$6BIB_1_000000000000000_ISRA$70$8BIB$912239$aORPH$bORPH$cKTS0$d2020-07-08$eKoopman$i30D22$l0$oBIB1 ISRA$p20121182$r2021-01-12 00:00:00$w2021-01-12$yBOO$OKoopman
=999  \\$d12256

