=LDR  01715nam a2200313 a 4500
=001  12258
=005  20250926134856.0
=008  880126s1987\\\\gw\ag\\\\b\\\\100\0\ger\\
=020  \\$a3761807678 (set) :$cDM150.00
=040  \\$aOI
=041  0\$ager$aeng
=100  \\$4edt$aBerke, Dietrich$914859
=245  10$aAlte Musik als ästhetische Gegenwart: Bach, Händel, Schütz.$bBericht über den Internationalen Musikwissenschaftlichen Kongress, Stuttgart, 1985
=260  \\$aKassel$aNew York$bBärenreiter$c1987
=300  \\$a543 pages$bill., music ;$c25 cm.
=504  \\$aIncludes bibliographies.
=600  \0$aSchütz, Heinrich$d1585-1672$1http://www.wikidata.org/entity/Q153643$97240
=600  \0$aBach, Johann Sebastian$d1685-1750$1http://www.wikidata.org/entity/Q1339$94766
=600  \0$aHandel, George Frideric$d1685-1759$1http://www.wikidata.org/entity/Q7302$94765
=648  \0$a17th Century (1601-1700)$1http://www.wikidata.org/entity/Q7016$920923
=648  \0$a18th Century (1701-1800)$1http://www.wikidata.org/entity/Q7015$920899
=648  \0$aPresent$1http://www.wikidata.org/entity/Q193168$925641
=650  \0$aMusic history$1http://www.wikidata.org/entity/Q846047$921373
=650  \0$aEarly music$1http://www.wikidata.org/entity/Q436016$93160
=700  \\$aHanemann, Dorothee$4edt$914860
=942  \\$cBOO
=952  \\$00$10$2ddc$3vol. 1$40$6MTP_2_000000000000000_BERK$70$8MTP$912241$aORPH$bORPH$cKM12_1$d2020-07-08$eKoopman$i30E01_01$l0$oMTP2 BERK$p20123368$r2021-01-12 00:00:00$w2021-01-12$yBOO
=952  \\$00$10$2ddc$3vol. 2$40$6MTP_2_000000000000000_BERK$70$8MTP$912242$aORPH$bORPH$cKM12_1$d2020-07-08$eKoopman$i30E01_02$l0$oMTP2 BERK$p20123367$r2021-01-12 00:00:00$w2021-01-12$yBOO
=999  \\$d12258

