=LDR  00667    a2200145   4500
=001  12262
=008  210826s1953\\\\||||||||\||||\00|\0\mul\d
=041  \\$afre$ager$aeng
=100  \\$aSmijers, Albert$d1888-1957$4edt$1http://www.wikidata.org/entity/Q13428928$914104
=245  \\$aKongress-Bericht Internationale Gesellschaft für Musikwissenschaft, Utrecht 1952
=260  \\$c1953$aAmsterdam$bVereiniging voor Nederlandse Muziekgeschiedenis; G. Alsbach & Co
=300  \\$a471 pages
=942  \\$cBOO
=952  \\$00$10$2ddc$40$6REF_3_000000000000000_SMIJ$70$8REF$912245$aORPH$bORPH$cKM12_1$d2020-07-08$eKoopman$i30E08$oREF3 SMIJ$p20123360$r2021-01-12 00:00:00$w2021-01-12$yBOO
=999  \\$d12262

