=LDR  00691    a2200169   4500
=001  12264
=008  210817t1987\\\\||||||||\||||\01|\0\mul\d
=041  \\$adut$aeng$ager
=100  \\$aMaas, Chris$4dte$922040
=245  \\$aLiber amicorum Chris Maas:$bEssays in Musicology in Honour of Chris Maas on his 65th Birthday
=260  \\$aAmsterdam$bUniversity of Amsterdam, Institute of Musicology$c1987
=300  \\$a281 pages
=700  \\$4edt$aWegman, Rob C.$915429
=700  \\$4edt$aVetter, Eddie$922041
=942  \\$cBOO
=952  \\$00$10$2ddc$40$6REF_4_000000000000000_MAAS$70$8REF$912247$aORPH$bORPH$cKM12_1$d2020-07-08$eKoopman$i30E14$oREF4 MAAS$p20123354$r2021-01-12 00:00:00$w2021-01-12$yBOO
=999  \\$d12264

