=LDR  00630    a2200157   4500
=001  12265
=008  210819t1985\\\\||||||||\||||\01|\0\ger\d
=041  \\$ager
=100  \\$aPlaten, Emil$d-1925$4dte$1http://www.wikidata.org/entity/Q1336660$921885
=245  \\$aCollegium Musicologicum;$bFestschrift Emil Platen zum sechzigsten Geburtstag
=260  \\$c1986$aBonn
=300  \\$a232 pages
=700  \\$4edt$aGutiérrez-Denhoff, Martella$922056
=942  \\$cBOO
=952  \\$00$10$2ddc$40$6REF_4_000000000000000_PLAT$70$8REF$912248$aORPH$bORPH$cKM12_1$d2020-07-08$eKoopman$i30E15$oREF4 PLAT$p20123353$r2021-01-12 00:00:00$w2021-01-12$yBOO
=999  \\$d12265

