=LDR  01182cam a22002771  4500
=001  12266
=005  20250120120041.0
=008  741030s1972\\\\dk\\\\\\\\\\\\010\0\dan\\
=020  \\$a8774550004
=040  \\$aOI
=041  \\$adan
=100  \\$4dte$aLarsen, Jens Peter$d1902-1988$912291
=245  00$aFestskrift Jens Peter Larsen$b1902-14 VI-1972
=260  \\$aCopenhagen$bWilhelm $c1972
=300  \\$a20, 423 p.,$b3 l. of plates. illus.$c25 cm.
=490  0\$aStudier udg. af Musikvidenskabeligi institut ved Københavns universitet
=504  \\$a"Bibliografi over Professor Jens Peter Larsens skrifter": p. 1-10.
=504  \\$aIncludes bibliographical references.
=600  \0$aLarsen, Jens Peter$d1902-1988$912291
=650  \0$aMusic history$1http://www.wikidata.org/entity/Q846047$921373
=700  \\$4edt$aSchiørring, Niels$d1743-1798$1http://www.wikidata.org/entity/Q11991387$97562
=700  \\$4edt$aGlahn, Henrik $911138
=700  \\$4edt$aHatting, Carsten E. $922026
=942  \\$cBOO
=952  \\$00$10$2ddc$40$6REF_4_000000000000000_LARS$70$8REF$912249$aORPH$bORPH$cKM12_1$d2020-07-08$eKoopman$i30E18$oREF4 LARS$p20123350$r2021-01-12 00:00:00$w2021-01-12$yBOO
=999  \\$d12266

