=LDR  01477cam a2200277 a 4500
=001  12267
=005  20250821130544.0
=008  220126s1980\\\\nl\af|||\||||\00|\0\mul\d
=040  \\$aOI
=041  0\$adut$afre$aeng$ager
=100  \\$4dte$aVente, Maarten Albert$d1915-1989$1http://www.wikidata.org/entity/Q1486565$919437
=245  00$aVisitatio organorum.$bFeestbundel voor Maarten Albert Vente, aangeboden ter gelegenheid van zijn 65e verjaardag
=260  \\$aBuren$bKnuf$c1980
=300  \\$a2 vol, 631 pages$bill. $c25 cm
=504  \\$a2 volumes.
Bibliography of works by M.A. Vente: v. 1, p. [xi]-xviii.
=504  \\$aIncludes bibliographical references.
=590  \\$aonder redactie van Albert Dunning.
=650  \0$aOrgan$1http://www.wikidata.org/entity/Q1444$92810
=650  \0$aOrgan music$1http://www.wikidata.org/entity/Q2003283$91951
=650  \0$aMusic history$1http://www.wikidata.org/entity/Q846047$921373
=650  \0$aOrganology$1http://www.wikidata.org/entity/Q899293$921400
=700  \\$aDunning, Albert$d1936-2005$4edt$1http://www.wikidata.org/entity/Q1382965$914862
=942  \\$cBOO
=952  \\$00$10$2ddc$40$6INS_3_000000000000000_1D$70$8INS$912250$aORPH$bORPH$cKTS0$d2020-07-08$eKoopman$hDeel 1$i30E21-I$oINS3.1d$p20123347$r2021-01-12 00:00:00$w2021-01-12$yBOO
=952  \\$00$10$2ddc$40$6INS_3_000000000000000_1D$70$8INS$912251$aORPH$bORPH$cKTS0$d2020-07-08$eKoopman$hDeel 2$i30E21-II$oINS3.1d$p20123346$r2021-01-12 00:00:00$w2021-01-12$yBOO
=999  \\$d12267

