=LDR  00865aam a2200181   4500
=001  12270
=008  250313s1960\\\\||||||||\||||\01|\0\eng\d
=041  \\$aeng
=100  \\$aKinkeldey, Otto$d1878-1966$4dte$1http://www.wikidata.org/entity/Q3887291$917501
=245  \\$aA Musicological Offering to Otto Kinkeldey, $bUpon the Occasion of his 80th Birthday
=260  \\$aRichmond, VA$bAmerican Musicological Society$c1960
=300  \\$a269 pages
=490  \\$aJournal of the American Musicological Society$vXIII
=650  \0$aMusicology$1http://www.wikidata.org/entity/Q164204$93925
=700  \\$4edt$aSeeger, Charles$d1886-1979$1http://www.wikidata.org/entity/Q1066045$922022
=942  \\$cBOO
=952  \\$00$10$2ddc$40$6REF_4_000000000000000_KINK$70$8REF$912253$aORPH$bORPH$cKM12_1$d2020-07-08$eKoopman$i30E26$oREF4 KINK$p20123341$r2021-01-12 00:00:00$w2021-01-12$yBOO
=999  \\$d12270

