=LDR  01400aam a2200301   4500
=001  12273
=008  211203s1991\\\\\\\aofh|\||||\00|\0\ger\d
=020  \\$a3570066649
=041  \\$ager
=245  \\$aDresden, Kreuzkirche, Kreuzschule, Kreuzchor:$bMusikalische und humanistische Tradition in 775 Jahren
=260  \\$aMunich$bBertelsmann Lexikon Verlag$c1991
=300  \\$a159 pages
=610  \0$aKreuzkirche (Dresden, Germany)$1http://www.wikidata.org/entity/Q301607$923205
=648  \0$aPast$1http://www.wikidata.org/entity/Q192630$922196
=650  \0$aChurch$1http://www.wikidata.org/entity/Q16970$93776
=650  \0$aCatholicism$1http://www.wikidata.org/entity/Q1841$921631
=650  \0$aHumanism$1http://www.wikidata.org/entity/Q46158$92157
=650  \0$aMusic education$1http://www.wikidata.org/entity/Q27908$921766
=650  \0$aChoir$1http://www.wikidata.org/entity/Q131186$93338
=650  \0$aMusic history$1http://www.wikidata.org/entity/Q846047$921373
=651  \0$aDresden (Germany)$1http://www.wikidata.org/entity/Q1731$947
=700  \\$4ctb$aBlaschke, Karlheinz$923206
=700  \\$4ctb$aArnhardt, Gerhard$923207
=700  \\$4ctb$aJohn, Hans$911879
=700  \\$4ctb$aHermann, Matthias$917155
=942  \\$cBOO
=952  \\$00$10$2ddc$40$6TOP_DE_DRE$70$8TOP$912256$aORPH$bORPH$cKTS0$d2020-07-08$eKoopman$i30E30$oTOP DE.DRE$p20123337$r2021-01-12 00:00:00$w2021-01-12$yBOO
=999  \\$d12273

