=LDR  01015nam a2200241 a 4500
=001  12274
=005  20250109133338.0
=008  980924s1990\\\\fr\ag\\\\b\\\\000\0\fre\d
=020  \\$z9061360108
=040  \\$aOI
=041  \\$afre
=245  03$aLe Passé restauré
=260  \\$aNice$bSociété de musique ancienne de Nice$c1990
=300  \\$a127 pages$billustrations, music$c21 cm
=490  \\$aCahiers de la Société de musique ancienne de Nice$v2
=504  \\$aIncludes bibliographical references.
=648  \0$a17th Century (1601-1700)$1http://www.wikidata.org/entity/Q7016$920923
=650  \0$aMusic history$1http://www.wikidata.org/entity/Q846047$921373
=650  \0$aMusic history$1http://www.wikidata.org/entity/Q846047$921373
=650  \0$aMusic history$1http://www.wikidata.org/entity/Q846047$921373
=942  \\$cBOO
=952  \\$00$10$2ddc$40$6MTP_2_000000000000000_NICE$70$8MTP$912257$aORPH$bORPH$cKM12_1$d2020-07-08$eKoopman$i30E33$l0$oMTP 2 NICE$p20123334$r2021-01-12 00:00:00$w2021-01-12$yBOO
=999  \\$d12274

