=LDR  01570cam a2200253 a 4500
=001  12276
=005  20250925143259.0
=008  880422s1988\\\\enk\\\\\\\\\\\100\0\eng\\
=020  \\$a0198161522
=020  \\$a0198161530 (pbk.)
=040  \\$aOI
=041  \\$aeng
=100  \\$4edt$aKenyon, Nicholas$d1951-$cSir$914865
=245  00$aAuthenticity and Early Music:$bA Symposium
=260  \\$aOxford$aNew York$bOxford University Press$c1988
=300  \\$axv-219 pages$c23 cm.
=505  \\$aP. Brett: Text, Context, and the Early Music Editor -- H. M. Brown: Pedantry or Liberation? A Sketch of the Historical Performance Movement -- W. Crutchfield: Fashion, Conviction, and Performance Style in an Age of Revivals -- N. Kenyon: Authenticity and Early Music: Some Issues and Questions -- R. P. Morgan: Tradition, Anxiety, and the Current Musical Scene -- R. Taruskin: The Pastness of the Present and the Presence of the Past -- G. Tomlinson: The Historian, the Performer, and Authentic Meaning in Music -- 
=648  \0$a20th Century (1901-2000)$1http://www.wikidata.org/entity/Q6927$920936
=650  \0$aHistorically informed performance$1http://www.wikidata.org/entity/Q1344860$920980
=650  \0$aEarly music$1http://www.wikidata.org/entity/Q436016$93160
=856  \\$uhttp://www.loc.gov/catdir/enhancements/fy0605/88015464-d.html$3Publisher description
=942  \\$cBOO
=952  \\$00$10$2ddc$40$6MTP_2_000000000000000_KENY$70$8MTP$912259$aORPH$bORPH$cKM12_1$d2020-07-08$eKoopman$i30F29$l1$oMTP2 KENY$p20123303$r2021-10-19 00:00:00$s2021-10-11$w2021-01-12$yBOO
=999  \\$d12276

