=LDR  01239cam a2200277 a 4500
=001  12277
=005  20250121142128.0
=008  910130s1990\\\\nyua\\\\\b\\\\001\0\eng\\
=020  \\$a033347404X (hardback)
=020  \\$a0393028089
=040  \\$aOI
=041  \\$aeng
=245  00$aPerformance Practice: $bMusic after 1600
=260  \\$aLondon$bMacmillan$c1989
=300  \\$axi, 533 pages.$bill. ;$c24 cm.
=490  \\$aOxford Handbooks in Music
=504  \\$aIncludes bibliographical references (p. 492-511) and index.
=648  \0$a17th Century (1601-1700)$1http://www.wikidata.org/entity/Q7016$920923
=648  \0$a18th Century (1701-1800)$1http://www.wikidata.org/entity/Q7015$920899
=648  \0$a19th Century (1801-1900)$1http://www.wikidata.org/entity/Q6955$920935
=650  \0$aHistorically informed performance$1http://www.wikidata.org/entity/Q1344860$920980
=700  \\$aBrown, Howard Mayer$d1930-1993$4edt$918996
=700  \\$aSadie, Stanley$d1930-2015$4edt$1http://www.wikidata.org/entity/Q1335317$919216
=942  \\$cBOO$2ddc
=952  \\$00$10$2ddc$40$6MTP_2_000000000000000_BROW$70$8MTP$912260$aORPH$bORPH$cKM12_1$d2020-07-08$eKoopman$i30F49$l0$oMTP 2 BROW$p20123283$r2021-01-12 00:00:00$w2021-01-12$yBOO
=999  \\$c12277$d12277

