=LDR  01201aam a2200241   4500
=001  12281
=005  20250925143259.0
=008  250131s1990\\\\|||a||||\||||\00|\0dger\d
=041  \\$ager
=245  \\$aKarlsruher Musiktage 1990.$bMusik in Karlsruhe 1715-1990
=260  \\$aKarlsruhe$bKarlsruher Musiktage$c1990
=300  \\$a92 pages
=600  \0$aMolter, Johann Melchior$d1696-1765$1http://www.wikidata.org/entity/Q651321$911356
=648  \0$a18th Century (1701-1800)$1http://www.wikidata.org/entity/Q7015$920899
=648  \0$a19th Century (1801-1900)$1http://www.wikidata.org/entity/Q6955$920935
=648  \0$a20th Century (1901-2000)$1http://www.wikidata.org/entity/Q6927$920936
=650  \0$aFestival book$1http://www.wikidata.org/entity/Q17590416$922319
=650  \0$aMusic history$1http://www.wikidata.org/entity/Q846047$921373
=650  \0$aEarly music$1http://www.wikidata.org/entity/Q436016$93160
=651  \0$aKarlsruhe (Germany)$1http://www.wikidata.org/entity/Q1040$924819
=942  \\$cBOO
=952  \\$00$10$2ddc$40$6TOP_DE_KAR_5_000000000000000$70$8TOP$912264$aORPH$bORPH$cKTS0$d2020-07-08$eKoopman$i31A18$l0$oTOP DE.KAR 5$p20121154$r2021-01-12 00:00:00$w2021-01-12$yBOO$OKoopman
=999  \\$d12281

