=LDR  02715nam a2200361 a 4500
=001  12282
=005  20250121142128.0
=008  880106s1986\\\\it\fahg\\b\\\\001\0\mul\\
=020  \\$a882223409X
=040  \\$aOI
=041  0\$aita$afre$ager
=100  \\$4edt$aMuraro, Maria Teresa$d1919-2003$1http://www.wikidata.org/entity/Q59628264$913707
=245  00$aMetastasio e il mondo musicale
=260  \\$aFlorence$bOlschki$c1986
=300  \\$aix-350-xiv pages, [15] pages of plates$billustrations, facsimiles, music$c24 cm
=490  \\$aStudi di musica veneta$v9
=504  \\$aIncludes bibliographical references and index.
=505  \\$gIl desiderio della parola e il piacere delle lacrime nel melodramma metastasiano / E. Sala di Felice -- Le didascalie sceniche del Metastasio / M. Viale Ferrero -- Per una morfologia dell'aria metastasiana / D. Goldin -- Metastasio, "maestro dei maestri di cappella drammatici" / D. Heartz -- Die Rolle des Sängers im Drama Metastasios. Giovanni Carestini als Timante im Demofoonte / K. Hortschansky -- Il fragore delle armi nella Nitteti / J. Joly -- Les Révisions pour Giovanni Carestini du rìle de Timante dans le Demofoonte de J. A. Hasse (Venise 1749) / S. Mamy -- Pasquale Anfossi maestro d'oratorio nello spirito del dramma metastasiano / W. Osthoff -- Il Componimento sacro per la festività del SS. Natale di Metastasio-Costanzi (1727): documenti inediti / F. Piperno -- Metastasio a Firenze / R. Weaver -- Metastasio e Aristotele / P. Weiss -- Le revisioni di Metastasio di alcuni suoi drammi e la situazione della musica per melodramma negli anni '50 del Settecento / R. Wiesend
=600  \0$aMetastasio, Pietro$d1698-1782$1http://www.wikidata.org/entity/Q29473$96031
=600  \0$aHasse, Johann Adolf$d1699-1783$1http://www.wikidata.org/entity/Q164732$94966
=600  \0$aAnfossi, Pasquale$d1727-1797$1http://www.wikidata.org/entity/Q266985$97987
=648  \0$a18th Century (1701-1800)$1http://www.wikidata.org/entity/Q7015$920899
=650  \0$aPoet$1http://www.wikidata.org/entity/Q49757$92954
=650  \0$aLibretto$1http://www.wikidata.org/entity/Q131084$94031
=650  \0$aOpera$1http://www.wikidata.org/entity/Q1344$92468
=650  \0$aOratorio$1http://www.wikidata.org/entity/Q85477$91825
=650  \0$aStaging$1http://www.wikidata.org/entity/Q3508687$922118
=650  \0$aSinger$1http://www.wikidata.org/entity/Q177220$93915
=651  \0$aItaly$1http://www.wikidata.org/entity/Q38$922
=700  \\$aFolena, Gianfranco$4win$924671
=942  \\$cBOO
=952  \\$00$10$2ddc$40$6BIO_META_E$70$8BIO$912265$aORPH$bORPH$cKTS1_P$d2020-07-08$eKoopman$i31A21$l1$oBIO META e$p20121151$r2024-04-17 00:00:00$s2024-04-08$w2021-01-12$yBOO$OKoopman
=999  \\$d12282

