=LDR  00340    a2200097   4500
=001  12283
=245  \\$aRivista Italiana di musicologia II
=260  \\$c1967
=942  \\$cBOO
=952  \\$00$10$2ddc$40$6BIO_MONT2_E$70$8BIO$912266$aORPH$bORPH$cKTS1_P$d2020-07-08$eKoopman$i31A25$oBIO MONT2 e$p20130330$r2021-01-12 00:00:00$w2021-01-12$yBOO$OKoopman
=999  \\$c12283$d12283

