=LDR  03850cam a2200517 a 4500
=001  12284
=005  20250926135309.0
=008  930811s1991\\\\gw\a\\\\\b\\\\000\0dger\\
=020  \\$a3925366075
=040  \\$aOI
=041  \\$ager
=245  00$aMozart und...$bBeiträge zur Konzertreihe in der Kölner Philharmonie
=260  \\$aCologne$bDohr$c1991
=300  \\$a123 pages$billustrations, portraits, music$c26 cm
=490  \\$aBeiträge zur Konzertreihe
=504  \\$aIncludes bibliographic references.
=505  \\$gFurchtbar ist das Mysterium des Todes, Wolfgang Amadeus Mozart: Requiem d-Moll KV.626 / N. Bolin -- Gott der Allmächtige möge uns einen Mozart senden, Max Reger und sein Variationszyklus op.132 / C. Dohr -- Vereinigung im Gesang, über die "Liebe der Musikanten" bei E. T. A. Hoffmann / R. Drux -- Krönungsmesse, Wege zum Verständnis von Mozarts Messe in C-Dur KV. 317 / R. Fontani -- Magische Präparate einer Zauberwelt, Ernst Theodor Amadeus Hoffmann und die Musik seiner Zeit / M. Pötzsch -- Er phantasirt stets, daß... er ihm Gift gegeben habe, zum wahren Verhältnis von Antonio Salieri und Wolfgang Amadeus Mozart / J. Risch -- Nichts gespiellt als Händl und Bach, Händels "Messias" in der Bearbeitung W.A. Mozarts / M. Struck-Schloen -- Mit Genehmigung des Meisters, Igor Strawinskys Bearbeitung von Johann Sebastian Bachs Canonischen Veränderungen über "Vom Himmel hoch, da komm' ich her" / R. von Zahn -- Vater und Bub'n, zur Übernahme von Carl Philipp Emanuel Bachs "La Boehmer" in Mozarts Pasticcio-Klavierkonzert D-Dur / R. von Zahn
=600  \0$aMozart, Wolfgang Amadeus$d1756-1791$1http://www.wikidata.org/entity/Q254$95341
=600  \0$aHandel, George Frideric$d1685-1759$1http://www.wikidata.org/entity/Q7302$94765
=600  \0$aBach, Johann Sebastian$d1685-1750$1http://www.wikidata.org/entity/Q1339$94766
=600  \0$aBach, Carl Philipp Emanuel$d1714-1788$1http://www.wikidata.org/entity/Q76428$99218
=600  \0$aSalieri, Antonio$d1750-1825$1http://www.wikidata.org/entity/Q51088$96337
=600  \0$aHoffmann, E. T. A.$d1776-1822$1http://www.wikidata.org/entity/Q150471$911619
=600  \0$aReger, Max$d1873-1916$1http://www.wikidata.org/entity/Q57139$918199
=600  \0$aStravinsky, Igor$d1882-1971$1http://www.wikidata.org/entity/Q7314$919367
=610  \0$aKölner Philharmonie (Cologne, Germany)$1http://www.wikidata.org/entity/Q177368$91691
=648  \0$a18th Century (1701-1800)$1http://www.wikidata.org/entity/Q7015$920899
=648  \0$a20th Century (1901-2000)$1http://www.wikidata.org/entity/Q6927$920936
=650  \0$aComposer$1http://www.wikidata.org/entity/Q36834$93625
=650  \0$aFestival book$1http://www.wikidata.org/entity/Q17590416$922319
=650  \0$aMusic history$1http://www.wikidata.org/entity/Q846047$921373
=650  \0$aRequiem$1http://www.wikidata.org/entity/Q51616$92858
=650  \0$aTheme and variations$1http://www.wikidata.org/entity/Q763324$92038
=650  \0$aMass$1http://www.wikidata.org/entity/Q217295$92735
=650  \0$aMessiah$1http://www.wikidata.org/entity/Q207732$939316
=650  \0$aOratorio$1http://www.wikidata.org/entity/Q85477$91825
=650  \0$aArrangement$1http://www.wikidata.org/entity/Q379755$94282
=650  \0$aPasticcio$1http://www.wikidata.org/entity/Q674448$923528
=650  \0$aPiano$1http://www.wikidata.org/entity/Q5994$1http://www.wikidata.org/entity/Q1521313$92127
=650  \0$aConcerto$1http://www.wikidata.org/entity/Q9748$921817
=651  \0$aAustria$1http://www.wikidata.org/entity/Q40$9202
=700  \\$aZahn, Robert von$d1959-$914870$4edt
=700  \\$aSpering, Christoph$914871$4edt
=942  \\$cBOO
=952  \\$00$10$2ddc$40$6BIO_MOZA1_E$70$8BIO$912267$aORPH$bORPH$cKTS1_P$d2020-07-08$eKoopman$i31A33$oBIO MOZA1 e$p20121139$r2021-01-12 00:00:00$w2021-01-12$yBOO$OKoopman
=999  \\$d12284

