=LDR  00334    a2200097   4500
=001  12285
=245  \\$aPraemium Erasmianum MCMLXXX
=260  \\$c1980
=942  \\$cBOO
=952  \\$00$10$2ddc$40$6BIO_HARN_F$70$8BIO$912268$aORPH$bORPH$cKTS1_P$d2020-07-08$eKoopman$i31B23$l0$oBIO HARN f$p20121107$r2021-01-12 00:00:00$w2021-01-12$yBOO$OKoopman
=999  \\$c12285$d12285

