=LDR  01201    a2200241   4500
=001  12286
=008  220922s1928\\\\nl\fo|||\||||\00|\0\dut\d
=041  \\$adut
=110  \\$4edt$aVereniging Hendrick de Keyser (Amsterdam, Netherlands)$91470
=245  \\$aGedenkboek van de Vereeniging Hendrick de Keyser.$bOud-Hollandsche Bouwkunst en Haar Behoud
=260  \\$aAmsterdam$bde Bussy$c1928
=300  \\$a189 pages
=648  \0$a17th Century (1601-1700)$1http://www.wikidata.org/entity/Q7016$920923
=648  \0$a18th Century (1701-1800)$1http://www.wikidata.org/entity/Q7015$920899
=650  \0$aInterior design$1http://www.wikidata.org/entity/Q179232$921367
=650  \0$aArchitecture$1http://www.wikidata.org/entity/Q12271$93185
=650  \0$aFine art$1http://www.wikidata.org/entity/Q219625$921579
=650  \0$aConservation and restoration$1http://www.wikidata.org/entity/Q217102$922845
=651  \0$aNetherlands$1http://www.wikidata.org/entity/Q55$9173
=700  \\$4win$aBoelen, Jan$920477
=942  \\$cBOO
=952  \\$00$10$2ddc$40$6TOP_NL_5_000000000000000$70$8TOP$912269$aORPH$bORPH$cKTS0$d2020-07-08$eKoopman$i31B33$l0$oTOP NL 5$p20121097$r2021-01-12 00:00:00$w2021-01-12$yBOO$OKoopman
=999  \\$d12286

