=LDR  02304aam a2200313   4500
=001  12287
=005  20250925143259.0
=008  250606s1991\\\\||||||||\||||\00|\0ddut\d
=041  \\$adut$ager
=245  \\$aMozart: $bMuzikaal Cultureel Bericht$njaargang 3, nr. 1
=260  \\$aBeek-Ubbergen$bMozart(k)ring Gelre-Niederrhein$c1991
=505  \\$gMuziek die geen kunst is / K. Fens -- Hij heeft goud in zijn vingers: John Eliot Gardiner / T. Gijsbers -- Mozarts hemel ging open in Salzburg / T. Gijsbers -- Mozarts Mis in c-klein, KV. 427 / T. Gijsbers -- Die Stiftskirche Mariae Himmelfahrt in Kleve / J. G. -- Mozarts allererstes Hornkonzert / H. Jeurissen -- Antonio Salieri: een verdwenen kapelmeester / D. Nagan -- Tentoonstelling "Mozart in Den Haag" / A. Poos -- "Je moet Mozarts klank niet castreren" / P. Vergeest -- Boekbespreking: Volkmar Braunbehrens, Salieri in de schaduw van Mozart / V. Westhoff -- Het Huis Wylerberg / H. Wijgers -- Mozarts Bearbeitung des Messias von G.F. Händel, KV. 572 / C. van Zwol
=600  \0$aMozart, Wolfgang Amadeus$d1756-1791$1http://www.wikidata.org/entity/Q254$95341
=600  \0$aHandel, George Frideric$d1685-1759$1http://www.wikidata.org/entity/Q7302$94765
=600  \0$aSalieri, Antonio$d1750-1825$1http://www.wikidata.org/entity/Q51088$96337
=600  \0$aGardiner, John Eliot$d1943-$cSir$1http://www.wikidata.org/entity/Q160325$916952
=648  \0$a18th Century (1701-1800)$1http://www.wikidata.org/entity/Q7015$920899
=648  \0$a20th Century (1901-2000)$1http://www.wikidata.org/entity/Q6927$920936
=650  \0$aComposer$1http://www.wikidata.org/entity/Q36834$93625
=650  \0$aLegacy$1http://www.wikidata.org/entity/Q623282$922131
=650  \0$aMass$1http://www.wikidata.org/entity/Q217295$92735
=650  \0$aConcerto$1http://www.wikidata.org/entity/Q9748$921817
=650  \0$aHorn$1http://www.wikidata.org/entity/Q163759$922458
=650  \0$aMessiah$1http://www.wikidata.org/entity/Q207732$939316
=650  \0$aArrangement$1http://www.wikidata.org/entity/Q379755$94282
=651  \0$aAustria$1http://www.wikidata.org/entity/Q40$9202
=942  \\$cBOO
=952  \\$00$10$2ddc$40$6BIO_MOZA1_F$70$8BIO$912270$aORPH$bORPH$cKTS1_P$d2020-07-08$eKoopman$i31C22$l0$oBIO MOZA1 f$p20123248$r2021-01-12 00:00:00$w2021-01-12$yBOO$OKoopman
=999  \\$d12287

