=LDR  01337aam a2200277   4500
=001  12289
=005  20250926134856.0
=008  230704s2002\\\\||||||||\||||\00|\0djap\d
=020  \\$a9784487793839
=041  \\$ajpn$hger
=100  \\$1http://www.wikidata.org/entity/Q66488$4aut$aWolff, Christoph$d1940-$910387
=245  \\$aDie Welt der Bach Kantaten$bJohann Sebastian Bachs Leipziger Kirchenkantaten
=260  \\$aTokyo$bTokyo Shoseki Co.$c2002
=300  \\$a448 pages
=534  \\$aOriginally published in 1998
=600  \0$1http://www.wikidata.org/entity/Q1339$aBach, Johann Sebastian$d1685-1750$94766
=648  \0$1http://www.wikidata.org/entity/Q7015$a18th Century (1701-1800)$920899
=650  \0$1http://www.wikidata.org/entity/Q174873$aCantata$921603
=650  \0$1http://www.wikidata.org/entity/Q75809$aLutheranism$923975
=650  \0$1http://www.wikidata.org/entity/Q846047$aMusic history$921373
=650  \0$1http://www.wikidata.org/entity/Q1544924$aMusical analysis$92775
=651  \0$1http://www.wikidata.org/entity/Q2079$aLeipzig (Germany)$945
=700  \\$1http://www.wikidata.org/entity/Q445121$4aut$aKoopman, Ton$d1944-$910491
=942  \\$cBOO
=952  \\$00$10$2ddc$40$6BIO_BACH1_E$70$8BIO$912272$aORPH$bORPH$cKTS1_P$d2020-07-08$eKoopman$i31D01$oBIO BACH1 e$p20121087$r2021-01-12 00:00:00$w2021-01-12$yBOO
=999  \\$d12289

