=LDR  03886aam a2200445   4500
=001  12290
=005  20250926134856.0
=008  250715s1970\\\\||||||||\||||\00|\0dger\d
=041  \\$ager
=100  \\$4edt$aBlankenburg, Walter$99648
=245  \\$aJohann Sebastian Bach
=246  \1$aBach-Probleme
=260  \\$aDarmstadt$bWissenschaftliche Buchgesellschaft$c1970
=490  \\$aWege der Forschung$v170
=505  \\$gJohann Sebastian Bach (1685-1750) / H. Besseler -- Bach als Wegbereiter / H. Besseler -- Johann Sebastian Bach und die Aufklärung / W. Blankenburg -- Exkurs über die h-Moll-Messe / G. von Dadelsen -- Das Parodieverfahren im Weihnachtsoratorium Johann Sebastian Bachs / W. Blankenburg -- Johann Sebastian Bach und Johann Caspar Kerll. Zur Entstehungsgeschichte des Sanctus BWV.241 / H. T. David -- Der junge Bach / F. Blume -- Gedanken zu Bachs Choralkantaten / A. Dürr -- Johann Sebastian Bachs Kirchenmusik in seiner Zeit und heute / A. Dürr -- Über Bachs geschichtlichen Ort / H. H. Eggebrecht -- Vivaldi-Dresden-Bach / R. Eller -- Der Klaviaturumfang von Bachs Orgeln als Beweismittel für die Datierung seiner Werke / W. Emery -- Bachs künstlerischer Endzweck / M. Geck -- Die Zeitmaße und ihre Ordnungen in Bachs Musik / W. Gerstenberg -- Das historische Klangbild im Werk J.S. Bachs / W. Gurlitt -- Johann Sebastian Bach und die Orgel / H. Klotz -- Johann Sebastian Bach / W. Korte -- Die strukturelle Dialektik im Werk J.S. Bachs / R. Leibowitz -- Neue Ergebnisse in der Chronologie Bachscher Werke / A. Mendel -- Das "Bachische Collegium musicum" / W. Neumann -- Das "musikalische Opfer" von Johann Sebastian Bach / E. Schenk -- Die oratorische Kunst J.S. Bachs. Grundfragen und Grundlagen / A. Schmitz -- Bachs Trauungs-Kantate "Dem Gerechten muß das Licht immer wieder aufgehen" / F. Smend -- Über die "kantable Art" der Musik Johann Sebastian Bachs / R. Steglich -- J.S. Bachs Wohltemperiertes Klavier / H. Zenck
=600  \0$aBach, Johann Sebastian$d1685-1750$1http://www.wikidata.org/entity/Q1339$94766
=600  \0$aVivaldi, Antonio$d1678-1741$1http://www.wikidata.org/entity/Q1340$911980
=648  \0$a17th Century (1601-1700)$1http://www.wikidata.org/entity/Q7016$920923
=648  \0$a18th Century (1701-1800)$1http://www.wikidata.org/entity/Q7015$920899
=650  \0$aComposer$1http://www.wikidata.org/entity/Q36834$93625
=650  \0$aLegacy$1http://www.wikidata.org/entity/Q623282$922131
=650  \0$aH-Moll-Messe$1http://www.wikidata.org/entity/Q310549$927074
=650  \0$aChristmas$1http://www.wikidata.org/entity/Q19809$92122
=650  \0$aOratorio$1http://www.wikidata.org/entity/Q85477$91825
=650  \0$aContrafactum$1http://www.wikidata.org/entity/Q1783270$922210
=650  \0$aCantata$1http://www.wikidata.org/entity/Q174873$921603
=650  \0$aChorale$1http://www.wikidata.org/entity/Q724473$921334
=650  \0$aChurch music$1http://www.wikidata.org/entity/Q8812109$1http://www.wikidata.org/entity/Q1065742$92283
=650  \0$aOrgan$1http://www.wikidata.org/entity/Q1444$92810
=650  \0$aKeyboard$1http://www.wikidata.org/entity/Q901207$923503
=650  \0$aRange$1http://www.wikidata.org/entity/Q1042979$922393
=650  \0$aWedding$1http://www.wikidata.org/entity/Q49836$1http://www.wikidata.org/entity/Q8445$922203
=650  \0$aMusikalisches Opfer$1http://www.wikidata.org/entity/Q693675$923641
=650  \0$aDas wohltemperierte Klavier$1http://www.wikidata.org/entity/Q211971$924051
=651  \0$aGermany$1http://www.wikidata.org/entity/Q183$9155
=651  \0$aLeipzig (Germany)$1http://www.wikidata.org/entity/Q2079$945
=651  \0$aDresden (Germany)$1http://www.wikidata.org/entity/Q1731$947
=942  \\$cBOO
=952  \\$00$10$40$6BIO_BACH1_E$70$8BIO$912273$aORPH$bORPH$cKTS1_P$d2020-07-08$eKoopman$i31D21$oBIO BACH1 e$p20121065$r2021-01-12 00:00:00$w2021-01-12$yBOO$OKoopman
=999  \\$d12290

