=LDR  03143cam a2200277 a 4500
=001  12291
=005  20250926134856.0
=008  030530s2001\\\\gw\ag\\\\b\\\\100\edger\c
=041  \\$ager
=100  \\$aKaiser, Rainer$4edt$914872
=245  10$aBach und seine mitteldeutschen Zeitgenossen.$bBericht über das internationale musikwissenschaftliche Kolloquium, Erfurt und Arnstadt, 13. bis 16. Januar 2000
=260  \\$aEisenach$bWagner$c2001
=300  \\$axxviii-251 pages
=490  \\$aSchriften zur mitteldeutschen Musikgeschichte$v4
=504  \\$aIncludes bibliographical references.
=505  0\$gChristian Friedrich Henrici ("Picander") zum 300. Geburtstag am 14. Januar 2000 / Hans-Joachim Schulze -- Johann Pachelbel als Lehrer / Michael Belotti -- Johann Gottlieb Preller und seine Abschriften Bachscher Clavierwerke : Kopistenpraxis als Schlüssel zur Aufführungspraxis / Thomas Synofzik -- Bach und Sperontes : zur Geburt des Bürgerlichen aus dem Geist der Innerlichkeit / Rainer Bayreuther -- Bemerkungen zu Jacob Adlungs ästhetischer Position / Helen Geyer -- Musikalische Aufführungen anlässlich fürstlicher Geburtstage am Anhalt-Zerbster Hof während der Amtszeit Johann Friedrich Faschs (1722-1758) / Barbara M. Reul -- Bachs Umgang mit Vokalmusik Thüringer Komponisten / Konrad Küster -- "Phantastisches" beim jungen Bach / Jean-Claude Zehnder -- Noch einmal, aufführungspraktische Beobachtungen am Orgelschaffen von Johann Ludwig Krebs / Felix Friedrich -- "Damit er von einem Meister, und nicht von allerley Pfuschern bestände" : neue Überlegungen zu Manuskripten Johann Caspar Dietels / Brit Reipsch -- Besonderheiten der Generalbassbezifferung in den Rezitativen der geistlichen Vokalwerke Johann Sebastian Bachs und deren aufführungspraktische Bedeutung / Joachim Roller -- Modelle und Lösungen : Überlegungen zu den Choralbearbeitungen über "Wie schön leuchtet der Morgenstern" von Pachelbel, Buttstett/Armsdorf und Bach / Michael Kube -- Neue Ermittlungen zu Aufführungen Bachscher Kirchenkantaten am Zerbster Hof / Peter Wollny -- Gelegenheitsgedichte von Picander und anderen Leipzigern in den Verirrten Musen Gottfried Behrndts / Ute Poetzsch -- Bach und die theologische Einflüsse seiner Zeit / Martin Petzoldt -- Johann Christian Kittel und die Anfänge der sogenannten späteren thüringischen Bach-Überlieferung / Ulrich Leisinger.
=600  \0$aPachelbel, Johann$d1653-1706$1http://www.wikidata.org/entity/Q76485$913127
=600  \0$aBach, Johann Sebastian$d1685-1750$1http://www.wikidata.org/entity/Q1339$94766
=600  \0$aPicander$d1700-1764$1http://www.wikidata.org/entity/Q60613$97355
=648  \0$a18th Century (1701-1800)$1http://www.wikidata.org/entity/Q7015$920899
=650  \0$aComposer$1http://www.wikidata.org/entity/Q36834$93625
=650  \0$aMusic history$1http://www.wikidata.org/entity/Q846047$921373
=651  \0$aGermany$1http://www.wikidata.org/entity/Q183$9155
=942  \\$cBOO
=952  \\$00$10$2ddc$40$6TOP_DE_5_000000000000000$70$8TOP$912274$aORPH$bORPH$cKTS0$d2020-07-08$eKoopman$i31E12$l0$oTOP DE 5$p20123220$r2021-01-12 00:00:00$w2021-01-12$yBOO$OKoopman
=999  \\$d12291

