=LDR  01921cam a2200277 a 4500
=001  12294
=008  841009s1983\\\\nl\a\\\\\b\\\\011\0\dut\\
=020  \\$a9063850573
=041  \\$adut
=245  00$aBoeken verzamelen.$bOpstellen aangeboden aan Mr. J.R. de Groot bij zijn afscheid als bibliothecaris der Rijksuniversiteit te Leiden
=260  \\$aLeiden$bBibliotheek der Rijksuniversiteit$c1983
=300  \\$a368 pages$bill. $c22 cm.
=500  \\$aEssays by C. Reedijk, W. van den Berg, Christian Berkvens-Stevelinck, J.A.A.M. Biemans, E. Braches, C.C. de Bruijn, Boudewijn Büch, A.E. Cohen, C. van Dijk, R.E.O. Ekkart, M.H.H. Engels, J.J.M. van Gent, J. van Goinga-van Driel, Chris L. Heesakkers, W.R.H. Koopma, Anton Korteweg, A.J.M. Linmans, G.H.M. Posthumus-Meyjes, Harry G.M. Prick, M.A. Schenkeveld-Van der Dussen, C.M.J. Sicking, Ludo Simons, Kees Thomassen, P.A. Tichelaar, A.W. WIllemsen, J.M. Willeumier-Schalij, Peter van Zonneveld
=504  \\$a"Lijst van ... geschriften van Mr. J.R. de Groot": p. 357-360.
=504  \\$aIncludes bibliographical references and index.
=600  \0$aGroot, Johan Remmet de$d1918-1987$1http://www.wikidata.org/entity/Q13737760$914875
=610  20$aUniversiteitsbibliotheek Leiden (Netherlands)$1http://www.wikidata.org/entity/Q638395$926816
=650  \0$aBook$1http://www.wikidata.org/entity/Q571$92285
=650  \0$aBibliophilia$1http://www.wikidata.org/entity/Q214719$921630
=650  \0$aLibrary$1http://www.wikidata.org/entity/Q7075$94229
=651  \0$aNetherlands$1http://www.wikidata.org/entity/Q55$9173
=700  \\$aGroot, Johan Remmet de$d1918-1987$1http://www.wikidata.org/entity/Q13737760$4dte$914875
=700  \\$aBiemans, Jos A. A. M.$4edt$914876
=942  \\$cBOO
=952  \\$00$10$2ddc$40$6BIB_1_000000000000000_GROO$70$8BIB$912277$aORPH$bORPH$cKTS0$d2020-07-08$eKoopman$i31E20$l0$oBIB1 GROO$p20123211$r2021-01-12 00:00:00$w2021-01-12$yBOO$OKoopman
=999  \\$d12294

