=LDR  01198aam a2200241   4500
=001  12295
=008  220428s1998\\\\gw\af|||\||||\00|\0\ger\d
=041  \\$ager
=100  \\$aKemp, Klaus$4edt$924017
=245  \\$aBalthasar-König-Orgel
=260  \\$aNiederehe$bKath. Kirchengemeinde St. Leodegar$c1998
=300  \\$a138 pages$eCD
=600  \0$aKönig, Balthasar$dc. 1685-1756/7$1http://www.wikidata.org/entity/Q805623$926860
=610  \0$aSt. Leodegar in Niederehe (Üxheim, Germany)$1http://www.wikidata.org/entity/Q1775717$924018
=610  20$aPremonstratensians$1http://www.wikidata.org/entity/Q339332$926861
=648  \0$a18th Century (1701-1800)$1http://www.wikidata.org/entity/Q7015$920899
=650  \0$aOrganology$1http://www.wikidata.org/entity/Q899293$921400
=650  \0$aOrgan$1http://www.wikidata.org/entity/Q1444$92810
=650  \0$aChurch$1http://www.wikidata.org/entity/Q16970$93776
=651  \0$aNiederehe (Üxheim, Germany)$1http://www.wikidata.org/entity/Q1637470$924019
=942  \\$cBOO
=952  \\$00$10$2ddc$40$6INS_3_000000000000000_1E_DE_NIE$70$8INS$912278$aORPH$bORPH$cKTS0$d2020-07-08$eKoopman$i31E22$oINS3.1e DE.NIE$p20123209$r2021-01-12 00:00:00$w2021-01-12$yBOO
=999  \\$d12295

