=LDR  01350cam a2200289 a 4500
=001  12296
=005  20250605143801.0
=008  830316s1981\\\\ne\a\\\\\bc\\\000\0\dut\\
=015  \\$aNe***
=020  \\$a9090001557
=040  \\$aOI
=100  \\$4edt$aHermans, Jos. M. M.$911539
=245  04$aHet middeleeuwse boek in Groningen:$bverkenningen rond fragmenten van handschrift en druk
=250  \\$a2nd ed.
=260  \\$aGroningen$bBibliotheek der Rijksuniversiteit te Groningen$c1981
=300  \\$a170 pages$c24 cm
=504  \\$aIncludes bibliographical references.
=590  \\$aTentoonstelling in het Universiteitsmuseum 1-31 oktober 1980
=610  20$aRijksuniversiteit Groningen (Netherlands)$bUniversiteitsbibliotheek.$1http://www.wikidata.org/entity/Q200899$926751
=648  \0$aMiddle Ages (500-1400)$1http://www.wikidata.org/entity/Q12554$920964
=650  \0$aManuscript$1http://www.wikidata.org/entity/Q87167$92275
=650  \0$aPrinting$1http://www.wikidata.org/entity/Q11034$921936
=650  \0$aBook$1http://www.wikidata.org/entity/Q571$92285
=651  \0$aGroningen (Netherlands)$1http://www.wikidata.org/entity/Q749$922634
=942  \\$cBOO
=952  \\$00$10$2ddc$40$6BIB_4_000000000000000_NL_GRO_3$70$8BIB$912279$aORPH$bORPH$cKTS0$d2020-07-08$eKoopman$i31E27$oBIB4 NL.GRO 3$p20123204$r2021-01-12 00:00:00$w2021-01-12$yBOO
=999  \\$d12296

