=LDR  00720    a2200169   4500
=001  12300
=008  210826b\\\\\\\\||||||||\||||\00|\0\###\m
=041  \\$aeng$ager$afre
=245  \\$aInternational Musicological Society. Report of the eleventh congress Copenhagen 1972.$p2/2
=260  \\$c1972$aCopenhagen$bWilhelm Hansen
=300  \\$a342 pages
=700  \\$4edt$aGlahn, Henrik $911138
=700  \\$4edt$aSørensen, Søren$d1920-2001$914975
=700  \\$4edt$aRyom, Peter$d-1937$1http://www.wikidata.org/entity/Q1369400$913700
=942  \\$cBOO
=952  \\$00$10$2ddc$40$6REF_3_000000000000000_GLAH$70$8REF$912283$aORPH$bORPH$cKM12_1$d2020-07-08$eKoopman$i31E34-2$oREF3 GLAH$p20123197$r2021-01-12 00:00:00$w2021-01-12$yBOO
=999  \\$d12300

