=LDR  00938aam a2200205   4500
=001  12302
=005  20250925143259.0
=008  250430s1983\\\\||||||||\||||\00|\0ddut\d
=041  \\$adut
=245  \\$aMaarten Luther 1483-1983, herdenking
=260  \\$aGroningen$bs.n.$c1983
=600  \0$aLuther, Martin$d1483-1546$1http://www.wikidata.org/entity/Q9554$94999
=648  \0$a16th Century (1501-1600)$1http://www.wikidata.org/entity/Q7017$920944
=648  \0$a20th Century (1901-2000)$1http://www.wikidata.org/entity/Q6927$920936
=650  \0$aLutheranism$1http://www.wikidata.org/entity/Q75809$923975
=650  \0$aLegacy$1http://www.wikidata.org/entity/Q623282$922131
=651  \0$aGroningen (Netherlands)$1http://www.wikidata.org/entity/Q749$922634
=942  \\$cBOO
=952  \\$00$10$2ddc$40$6BIO_LUTH_B$70$8BIO$912285$aORPH$bORPH$cKTS1_P$d2020-07-08$eKoopman$i31E44$oBIO LUTH b$p20130326$r2021-01-12 00:00:00$w2021-01-12$yBOO$OKoopman
=999  \\$d12302

