=LDR  01494cam a2200277 a 4500
=001  12303
=005  20250120120344.0
=008  881130s1987\\\\fr\abch\\bck\\000\0dfre\\
=020  \\$a2950221904
=040  \\$aOI
=041  \\$afre
=245  00$aLully, musicien soleil :$bexposition, 12 septembre-11 octobre 1987, Domaine de Madame Elisabeth, Versailles
=260  \\$aVersailles$bL'Association$c[1987]
=300  \\$a129 pages$billustrations, map, portraits, facsimiles$c22 x 22 cm.
=504  \\$aIncludes bibliographical references (p. 123).
=504  \\$aDiscography: p. 125.
=590  \\$a[organisée par] ADIAM 78--Association départementale d'information et d'action musicales des Yvelines [et] Musée instrumental du Conservatoire national supérieur de musique de Paris.
=600  \0$aLully, Jean-Baptiste$d1632-1687$1http://www.wikidata.org/entity/Q1192$95867
=648  \0$a17th Century (1601-1700)$1http://www.wikidata.org/entity/Q7016$920923
=650  \0$aComposer$1http://www.wikidata.org/entity/Q36834$93625
=651  \0$aFrance$1http://www.wikidata.org/entity/Q142$9131
=710  \\$aAssociation départementale d'information et d'action musicales des Yvelines (Versailles, France)$4edt$91627
=710  \\$aConservatoire de Paris (France)$4edt$1http://www.wikidata.org/entity/Q463055$920895
=942  \\$cBOO
=952  \\$00$10$2ddc$40$6BIO_LULL_C$70$8BIO$912286$aORPH$bORPH$cKTS1_P$d2020-07-08$eKoopman$i31E47$oBIO LULL c$p20123186$r2021-01-12 00:00:00$w2021-01-12$yBOO
=999  \\$d12303

