=LDR  00327    a2200097   4500
=001  12307
=245  \\$aSchubert 200 Jahre
=260  \\$c1997
=942  \\$cBOO
=952  \\$00$10$2ddc$40$6BIO_SCHU1_E$70$8BIO$912290$aORPH$bORPH$cKTS1_P$d2020-07-08$eKoopman$i31F10$l0$oBIO SCHU1 e$p20123164$r2021-01-12 00:00:00$w2021-01-12$yBOO$OKoopman
=999  \\$c12307$d12307

