=LDR  01153cam a2200253 a 4500
=001  12308
=005  20250205110319.0
=008  930217s1991\\\\gw\a\\\\\b\\\\000\0dger\\
=020  \\$a3894660147
=040  \\$aOI
=245  10$a176 Tage W. A. Mozart in Mannheim
=246  \1$aEinhundert sechundsiebzig Tage W. A. Mozart in Mannheim
=260  \\$aMannheim$bReiß-Museum der Stadt Mannheim$aHeidelberg$bBraus$c1991 [?]
=300  \\$a319 pages$billustrations (some color)$c25 cm
=504  \\$aIncludes bibliographical references (p. 306-319).
=600  \0$aMozart, Wolfgang Amadeus$d1756-1791$1http://www.wikidata.org/entity/Q254$95341
=648  \0$a18th Century (1701-1800)$1http://www.wikidata.org/entity/Q7015$920899
=650  \0$aMusic history$1http://www.wikidata.org/entity/Q846047$921373
=651  \0$aMannheim (Germany)$1http://www.wikidata.org/entity/Q2119$9218
=700  \\$aWelck, Karin von,$d-1947$914880$4edt
=700  \\$aHomering, Liselotte$4edt$914881
=942  \\$cBOO
=952  \\$00$10$2ddc$40$6BIO_MOZA1_E$70$8BIO$912291$aORPH$bORPH$cKTS1_P$d2020-07-08$eKoopman$i31F11$oBIO MOZA1 e$p20123163$r2021-01-12 00:00:00$w2021-01-12$yBOO
=999  \\$d12308

