=LDR  01437cam a2200289 a 4500
=001  12309
=005  20250212090644.0
=008  940317s1993\\\\gw\ag\\\\b\\\\111\0\ger\d
=020  \\$a3925036822
=040  \\$aOI
=041  0\$ager
=100  \\$4dte$aBraun, Werner$d1926-2012$99869
=245  00$aAkademie und Musik. Festschrift für Werner Braun zum 65. Geburtstag.$bErscheinungsweisen und Wirkungen des Akademiegedankens in Kultur- und Musikgeschichte: Institutionen, Veranstaltungen, Schriften.
=260  \\$aSaarbrücken$bSaarbrücker Druckerei und Verlag$c1993
=300  \\$a378 pages$billustrations, music$c24 cm
=490  \\$aSaarbrücker Studien zur Musikwissenschaft. Neue Folge$v7
=504  \\$a"Bibliographie zum Akademiegedanken in der Musikgeschichte": p. 317-345.
=504  \\$a"Schriftenverzeichnis Werner Braun": p. 347-358.
=504  \\$aIncludes bibliographical references and indexes.
=650  \0$aMusic history$1http://www.wikidata.org/entity/Q846047$921373
=650  \0$aInstitution$1http://www.wikidata.org/entity/Q178706$94241
=700  \\$aFrobenius, Wolf$d1940-2011$4edt$1http://www.wikidata.org/entity/Q25273277$918191
=700  \\$aSchwindt, Nicole$4edt$914884
=700  \\$aSick, Thomas$4edt$914885
=942  \\$cBOO
=952  \\$00$10$2ddc$40$6REF_4_000000000000000_BRAU$70$8REF$912292$aORPH$bORPH$cKM12_1$d2020-07-08$eKoopman$i31F15$l0$oREF4 BRAU$p20123159$r2021-01-12 00:00:00$w2021-01-12$yBOO
=999  \\$d12309

