=LDR  01454cam a2200301 a 4500
=001  12311
=005  20250925121416.0
=008  990831s1999\\\\it\g\\\\\bk\\\101\0\ita\d
=010  \\$a   99492915 
=020  \\$a8870961974
=035  \\$a(CU)GLAD184765736
=035  \\$a(CStRLIN)CUBGGLAD184765736-B
=040  \\$aC3LU$c*C3L*$dCU$dCStRLIN$dDLC
=042  \\$alccopycat
=043  \\$ae-it---
=245  00$aMarco Uccellini :$batti del convegno "Marco Uccellini da Forlimpopoli e la sua musica," Forlimpopoli, 26-7 ottobre 1996 a cura della Società italiana di musicologia, con l'aggiunta di nuovi saggi sulla musica alla corte di Modena dopo Marco Uccellini /$ca cura di Maria Caraci Vela, Marina Toffetti.
=246  33$aMarco Uccellini da Forlimpopoli e la sua musica
=260  \\$aLucca :$bLibreria musicale italiana,$c1999.
=300  \\$axix, 359 p.$bmusic ;$c24 cm.
=504  \\$aIncludes bibliographical references (p. [271]-320), discography (p. [321]-342), and indexes.
=600  \0$aUccellini, Marco$dc. 1603-1680$1http://www.wikidata.org/entity/Q713218$914886
=700  \\$aCaraci, Maria$914887
=700  \\$aToffetti, Marina$914888
=710  \\$aSocietà italiana di musicologia$91546
=942  \\$cBOO
=952  \\$00$10$2ddc$40$6BIO_UCCE_D$70$8BIO$912294$aORPH$bORPH$cKTS1_P$d2020-07-08$eKoopman$i31F18$oBIO UCCE d$p20123156$r2021-01-12 00:00:00$w2021-01-12$yBOO$OKoopman
=999  \\$c12311$d12311
=490  \\$aStrumenti della ricerca musicale ;$v5

