=LDR  01480cam a2200325 a 4500
=001  12312
=005  20251023160020.0
=008  010810s2001\\\\\\\ag\\\\b\\\\011\0\mul\|
=020  \\$a3925366830
=041  0\$ager$aita
=245  00$aAspetti musicali.$bMusikhistorische Dimensionen Italiens 1600 bis 2000 : Festschrift für Dietrich Kämper zum 65. Geburtstag
=250  \\$a1. Aufl.
=260  \\$aKöln-Rheinkassel$bDohr$c2001
=300  \\$a400 pages
=504  \\$aIncludes bibliographical references and index.
=546  \\$aChiefly in German, with some contributions in Italian.
=648  \0$a17th Century (1601-1700)$1http://www.wikidata.org/entity/Q7016$920923
=648  \0$a18th Century (1701-1800)$1http://www.wikidata.org/entity/Q7015$920899
=648  \0$a19th Century (1801-1900)$1http://www.wikidata.org/entity/Q6955$920935
=648  \0$a20th Century (1901-2000)$1http://www.wikidata.org/entity/Q6927$920936
=650  \0$aMusic$92062
=650  \0$aMusic history$1http://www.wikidata.org/entity/Q846047$921373
=651  \0$aItaly$1http://www.wikidata.org/entity/Q38$922
=700  \\$aKämper, Dietrich$d1936-$914889$4dte
=700  \\$aBolin, Norbert$913248$4edt
=700  \\$aBlumröder, Christoph von$914890$4edt
=700  \\$aMisch, Imke$918321$4edt
=942  \\$cBOO
=952  \\$00$10$2ddc$40$6TOP_IT_5_000000000000000$70$8TOP$912295$aORPH$bORPH$cKTS0$d2020-07-08$eKoopman$i31F21$l0$oTOP IT 5$p20123153$r2021-01-12 00:00:00$w2021-01-12$yBOO$OKoopman
=999  \\$d12312

