=LDR  02426pam a2200289 a 4500
=001  12314
=005  20250121142128.0
=008  870602s1987\\\\enkagh\\\b\\\\001\0bmul\\
=020  \\$a0859677206 :$c$79.95 (U.S.)
=040  \\$aOI
=041  0\$aeng$ager
=100  \\$4edt$aPritchard, Brian W.$914893
=245  00$aAntonio Caldara:$bEssays on his Life and Times
=260  \\$aAldershot$aBrookfield, VT$bScolar Press$c1987
=300  \\$axvi-424 pages$billustrations, music, facsimiles$c24 cm
=504  \\$aIncludes bibliographies and index.
=505  \\$gThe Italian cantata in Vienna, 1700-1711: an overview of stylistic traits / L. E. Bennett -- Caldara's trumpet music for the Imperial celebrations of Charles VI and Elisabeth Christine / A. P. Brown -- The Caldara manuscripts at Melk Abbey / R. N. Freeman -- Aspekte der Bühnenbildenentwicklung in Italien bis zum Beginn des 18. Jahrhunderts / F. Gerdes -- Das Repertoire der Dresdner Hofkirchenmusik um 1720-1730 und die Werke Antonio Caldaras / W. Horn -- Nicola Matteis, the younger: Caldara's collaborator and ballet composer in the service of the Emperor, Charles VI / A. D. McCredie -- Antonio Caldara's Credo à 8 voci: a composition for the Duke of Mantua? / R. G. Pauly -- Das mährische Musikleben in der Zeit Antonio Caldaras / J. Sehnal -- The Viennese court orchestra in the time of Caldara / E. Selfridge-Field -- The overtures to Caldara's secular dramatic compositions, 1716-1736: a survey and thematic index / H. Serizawa -- L'Irene in Venice and Naples: tyrant and victim, or the rifacimento process examined / O. Termini -- Caldara, Borosini and the One Hundred Cantici, or some Viennese canons abroad / G. Ward
=600  \0$aCaldara, Antonio$d1670-1736$1http://www.wikidata.org/entity/Q311571$914892
=600  \0$aMatteis, Nicola$d1650-1713$1http://www.wikidata.org/entity/Q952236$924817
=648  \0$a18th Century (1701-1800)$1http://www.wikidata.org/entity/Q7015$920899
=650  \0$aComposer$1http://www.wikidata.org/entity/Q36834$93625
=650  \0$aMusic history$1http://www.wikidata.org/entity/Q846047$921373
=651  \0$aItaly$1http://www.wikidata.org/entity/Q38$922
=651  \0$aVienna (Austria)$1http://www.wikidata.org/entity/Q1741$920937
=942  \\$cBOO
=952  \\$00$10$2ddc$40$6BIO_CALD_E$70$8BIO$912297$aORPH$bORPH$cKTS1_P$d2020-07-08$eKoopman$i31F26$oBIO CALD e$p20123148$r2021-01-12 00:00:00$w2021-01-12$yBOO$OKoopman
=999  \\$d12314

