=LDR  01216cam a2200229 a 4500
=001  12315
=008  220511s1988\\\\fr\f||||\||||\00|\0\\\\\d
=041  \\$afre
=245  00$aOrgues en Aquitaine.$bPublication de l'inventaire régional des orgues de la Région Aquitaine (2 Voll.)
=260  \\$aLa Calade$bADAMA $aAix-en-Provence$bEdisud$c1988
=300  \\$a2 vols. (209+236 pages)$billustrations$c30 cm
=504  \\$aIncludes bibliographical references
=505  1\$a1. Dordogne, Lot-et-Garonne, Landes - 2. Gironde
=650  \0$aOrgan$1http://www.wikidata.org/entity/Q1444$92810
=650  \0$aOrganology$1http://www.wikidata.org/entity/Q899293$921400
=651  \0$aFrance$1http://www.wikidata.org/entity/Q142$9131
=700  \\$4edt$aLummeaux, B.$924307
=700  \\$4edt$aBenusiglio, F.-X.$924308
=942  \\$cBOO
=952  \\$00$10$2ddc$3Volume 1$40$6INS_3_000000000000000_1A_FR_AQU$70$8INS$912298$aORPH$bORPH$cKTS0$d2020-07-08$eKoopman$i31G06_01$oINS3.1a FR.AQU$p20121030$r2021-01-12 00:00:00$w2021-01-12$yBOO
=952  \\$00$10$2ddc$3Volume 2$40$6INS_3_000000000000000_1A_FR_AQU$70$8INS$921519$aORPH$bORPH$cKTS0$d2020-07-08$eKoopman$i31G06_02$oINS3.1a FR.AQU$p20121029$r2022-05-11 00:00:00$w2021-01-12$yBOO
=999  \\$d12315

