=LDR  03558nam a2200421 a 4500
=001  12318
=005  20250906121749.0
=008  920921s1992\\\\ne\a\\\\\b\\\\000\0\dut\\
=020  \\$a9066303522 (geb.)
=020  \\$a9066303530 (pbk)
=040  \\$aOI
=041  \\$adut
=245  03$aDe wereld binnen handbereik:$bNederlandse kunst- en rariteitenverzamelingen, 1585-1735
=260  \\$aZwolle$bWaanders$aAmsterdam$bAmsterdams Historisch Museum$c1992
=300  \\$a368 pages$billustrations (some color)$c29 cm
=504  \\$aIncludes bibliographical references (p. 339-360) and index.
=505  \\$gVoorwoord -- Verantwoording -- Over de auteurs -- Fotoverantwoording -- De wereld binnen handbereik: Nederlandse kunst- en rariteitenverzamelingen, 1585-1735 / Roelof van Gelder -- De wereld ontsloten: Aanvoer van rariteiten naar Nederland / Leo Noordegraaf & Thera Wijsenbeek-Olthius -- Met grote moeite en kosten: De totstandkoming van zeventiende-eeuwse verzamelingen / Jaap van der Veen -- Kunst en rariteiten in het Hollandse interieur / C. Willemijn Fock -- Schatkamers van geleerdheid: Verzamelingen van humanistische geleerden / C. L. Heesakkers -- Uitzonderlijke verzamelingen: Italiaanse kunst en klassieke sculptuur in Nederland / Henk Th. van Veen -- Liefhebbers, handelaren en kunstenaars: Het verzamelen van schilderijen en papierkunst / Jaap van der Veen -- Wankelend wereldbeeld: Onderzoek naar taal, geloof en tijd in rariteitenkabinetten / Jan van der Waals -- Exotische rariteiten: Afbeeldingen en voorwerpen van vreemde volkeren / Jan van der Waals -- Citaten uit het boek der natuur: Zeventiende-eeuwse Nederlandse naturaliënkabinetten en de ontwikkeling van de natuurwetenschap / K. van Berkel -- Schelpenverzamelingen / H. E. Coomans -- Met boek en plaat: Het boeken- en atlassenbezit van verzamelaars / Jan van der Waals -- Dit klain Vertrek bevat een Weereld vol gewoel / Negentig Amsterdammers en hun kabinetten / Jaap van der Veen -- Liefhebbers en geleerde luiden: Nederlandse kabinetten en hun bezoekers / Roelof van Gelder
=610  \0$aVereenigde Oostindische Compagnie$1http://www.wikidata.org/entity/Q159766$91677
=648  \0$1http://www.wikidata.org/entity/Q7017$a16th Century (1501-1600)$920944
=648  \0$1http://www.wikidata.org/entity/Q7016$a17th Century (1601-1700)$920923
=648  \0$1http://www.wikidata.org/entity/Q7015$a18th Century (1701-1800)$920899
=650  \0$aCollecting$1http://www.wikidata.org/entity/Q208165$92117
=650  \0$aPatronage$1http://www.wikidata.org/entity/Q214092$94245
=650  \0$aMuseum$1http://www.wikidata.org/entity/Q33506$93137
=650  \0$aAntiquarianism$1http://www.wikidata.org/entity/Q56418598$93233
=650  \0$aTravel$1http://www.wikidata.org/entity/Q61509$94440
=650  \0$aTrade$1http://www.wikidata.org/entity/Q601401$923616
=650  \0$aFine art$1http://www.wikidata.org/entity/Q219625$921579
=650  \0$aHumanism$1http://www.wikidata.org/entity/Q46158$92157
=650  \0$aScience$1http://www.wikidata.org/entity/Q7991$921650
=650  \0$aBiography$1http://www.wikidata.org/entity/Q36279$91927
=651  \0$aNetherlands$1http://www.wikidata.org/entity/Q55$9173
=651  \0$aIndia$1http://www.wikidata.org/entity/Q668$922078
=700  \\$aBergvelt, Ellinoor$4edt$99532
=700  \\$aKistemaker, Renée$914895$4edt
=942  \\$cBOO
=952  \\$00$10$2ddc$40$6TOP_NL_4_000000000000000$70$8TOP$912301$aORPH$bORPH$cKTS0$d2020-07-08$eKoopman$i31G09$l1$m1$oTOP NL 4$p20121027$r2025-11-03 14:48:31$s2025-07-08$w2021-01-12$yBOO$OKoopman
=999  \\$d12318

