=LDR  01666cam a2200349 a 4500
=001  12319
=005  20250120115747.0
=008  041028s2003\\\\at\a\\\\\bc\\\000\0\eng\d
=010  \\$a  2004478583
=020  \\$a0734763530
=035  \\$a(CaOOAMICUS)000025148045
=040  \\$aNSWA$beng$cAP$dDLC
=042  \\$alccopycat
=043  \\$ae------
=100  1\$aCaravaggio, Michelangelo Merisi da,$d1573-1610.
=245  10$aCaravaggio & his world :$bdarkness & light.
=246  3\$aCaravaggio and his world
=246  30$aDarkness & light
=260  \\$aThe Domain, NSW, Australia :$bArt Gallery of New South Wales ;$aMelbourne, Vic., Australia :$bNational Gallery of Victoria,$cc2003.
=300  \\$a242 p. :$bcol. ill. ;$c30 cm.
=500  \\$aCatalogue of an exhibition held at the Art Gallery of New South Wales, Sydney, Nov. 29., 2003-Feb. 22, 2004 and at the National Gallery of Victoria, Melbourne, Mar. 11, 2004-May 30, 2004.
=504  \\$aIncludes bibliographical references (p. 231-237).
=600  10$aCaravaggio, Michelangelo Merisi da,$d1573-1610$vExhibitions.
=600  10$aCaravaggio, Michelangelo Merisi da,$d1573-1610$xInfluence$vExhibitions.
=650  \0$aPainting, European$y17th century$vExhibitions.
=710  2\$aArt Gallery of New South Wales.
=710  2\$aNational Gallery of Victoria.
=952  \\$00$10$2ddc$40$6BIO_CARA_C$70$8BIO$912302$aORPH$bORPH$cKTS1_P$d2020-07-08$eKoopman$i31G11$l0$oBIO CARA c$p20121025$r2021-01-12 00:00:00$w2021-01-12$yBOO$OKoopman
=999  \\$c12319$d12319
=648  \0$a17th Century (1601-1700)$1http://www.wikidata.org/entity/Q7016$920923
=651  \0$aEurope$1http://www.wikidata.org/entity/Q46$991
=942  \\$cBOO

