=LDR  00745aam a2200181   4500
=001  12320
=008  240601s2008\\\\|||a||||\||||\00|\0dita\d
=020  \\$a9788857200057
=041  \\$aita
=100  \\$aCorreggio, Antonio da$d1489-1534$1http://www.wikidata.org/entity/Q8457$4art$927404
=245  \\$aCorreggio
=260  \\$aMilan$bSkira$c2008
=648  \0$a16th Century (1501-1600)$1http://www.wikidata.org/entity/Q7017$920944
=650  \0$aFine art$1http://www.wikidata.org/entity/Q219625$921579
=651  \0$aItaly$1http://www.wikidata.org/entity/Q38$922
=942  \\$cBOO
=952  \\$00$10$2ddc$40$6BIO_CORR_C$70$8BIO$912303$aORPH$bORPH$cKTS1_P$d2020-07-08$eKoopman$i31G13$l0$oBIO CORR c$p20121022$r2021-01-12 00:00:00$w2021-01-12$yBOO$OKoopman
=999  \\$d12320

