=LDR  01022    a2200241   4500
=001  12324
=008  220124|\\\\\\\\nl\ag|||\||||\00|\0\mul\d
=020  \\$a9789080169944
=041  \\$aeng$adut
=245  \\$aRoyal Music Machines.$bDe muziek - The Music
=260  \\$cs.d.$aUtrecht
=300  \\$a128 pages
=336  \\$aprinted
=610  \0$aNationaal Museum van Speelklok tot Pierement (Utrecht, The Netherlands)$923553
=650  \0$aMechanical device$1http://www.wikidata.org/entity/Q1882685$92247
=650  \0$aMechanical musical instrument$1http://www.wikidata.org/entity/Q8614972$926213
=650  \0$aClock$1http://www.wikidata.org/entity/Q376$92132
=650  \0$aOrganology$1http://www.wikidata.org/entity/Q899293$921400
=700  \\$aMorsman, Marieke$4aut$927654
=700  \\$aWely, Bob van$4aut$922997
=942  \\$cBOO
=952  \\$00$10$2ddc$40$6INS_10_000000000000000_9A_NL_UTR$70$8INS$912307$aORPH$bORPH$cKTS0$d2020-07-08$eKoopman$i31G20-2$oINS10.9a NL.UTR$p20121014$r2021-01-12 00:00:00$w2021-01-12$yBOO
=999  \\$d12324

