=LDR  01438    a2200265   4500
=001  12327
=005  20251003090116.0
=008  211018s1935\\\\\\\hf|||\||||\00|\0ddut\d
=041  \\$adut
=245  \\$aBach-herdenking:$bfeest-gids
=260  \\$aAmsterdam$bMaatschappij tot Bevordering der Toonkunst$bConcertgebouw$bNederlandse Bach-Vereeniging$c1935
=300  \\$a90 pages$bills.
=600  \0$aBach, Johann Sebastian$d1685-1750$1http://www.wikidata.org/entity/Q1339$94766
=610  \0$aMaatschappij tot Bevordering der Toonkunst (Amsterdam, Netherlands)$1http://www.wikidata.org/entity/Q5267136$921676
=610  \0$aNederlandse Bachvereniging (Netherlands)$1http://www.wikidata.org/entity/Q1180197$91774
=610  \0$aConcertgebouw (Amsterdam, Netherlands)$1http://www.wikidata.org/entity/Q849957$91665
=648  \0$a18th Century (1701-1800)$1http://www.wikidata.org/entity/Q7015$920899
=648  \0$a20th Century (1901-2000)$1http://www.wikidata.org/entity/Q6927$920936
=650  \0$aComposer$1http://www.wikidata.org/entity/Q36834$93625
=650  \0$aLegacy$1http://www.wikidata.org/entity/Q623282$922131
=650  \0$aConcert$1http://www.wikidata.org/entity/Q182832$921044
=651  \0$aAmsterdam (Netherlands)$1http://www.wikidata.org/entity/Q727$9135
=942  \\$cBOO
=952  \\$00$10$2ddc$40$6BIO_BACH1_F$70$8BIO$912310$aORPH$bORPH$cKTS1_P$d2020-07-08$eKoopman$i32A06$oBIO BACH1 f$r2021-01-12 00:00:00$w2021-01-12$yBOO
=999  \\$d12327

