=LDR  00370    a2200109   4500
=001  12329
=020  \\$a906495173X
=245  \\$aBachs 'Orgelbuchlein' in nieuw perspectief
=260  \\$c1988
=942  \\$cBOO
=952  \\$00$10$40$6BIO_BACH1_E$70$8BIO$912312$aORPH$bORPH$cKTS1_P$d2020-07-08$eKoopman$i32A12$oBIO BACH1 e$p20120992$r2021-01-12 00:00:00$w2021-01-12$yBOO$OKoopman
=999  \\$c12329$d12329

