=LDR  01601cam a2200313 a 4500
=001  12333
=005  20251003085459.0
=008  851127s1985\\\\gw\ah\\\\bc\\\000\0dger\\
=020  \\$a388226232X
=040  \\$aOI
=041  \\$ager
=110  \\$aStaatsbibliothek zu Berlin (Germany)$91572
=245  14$aDie Handschrift Johann Sebastian Bachs.$bMusikautographe aus der Musikabteilung der Staatsbibiliothek Preussischer Kulturbesitz, Berlin. Ausstellung zum 300. Geburtstag von J.S. Bach, 22. März bis 13. Juli 1985
=260  \\$aWiesbaden$bReichert$c1985
=300  \\$a148 pages$bportrait, facsimiles$c28 cm
=490  1\$aAusstellungskataloge / Staatsbibliothek Preussischer Kulturbesitz$v25
=504  \\$aBibliography: p. 145-147.
=600  \0$aBach, Johann Sebastian$d1685-1750$1http://www.wikidata.org/entity/Q1339$94766
=648  \0$a18th Century (1701-1800)$1http://www.wikidata.org/entity/Q7015$920899
=650  \0$aComposer$1http://www.wikidata.org/entity/Q36834$93625
=650  \0$aManuscript$1http://www.wikidata.org/entity/Q87167$92275
=650  \0$aExhibition$1http://www.wikidata.org/entity/Q464980$925353
=650  \0$aCatalogue$1http://www.wikidata.org/entity/Q2352616$1http://www.wikidata.org/entity/Q6941730$921484
=651  \0$aGermany$1http://www.wikidata.org/entity/Q183$9155
=700  \\$aElvers, Rudolf$d1924-2011$99917$4edt
=700  \\$aKlein, Hans-Günter$d1939-2016$914900$4edt
=942  \\$cBOO
=952  \\$00$10$2ddc$40$6BIO_BACH1_B$70$8BIO$912316$aORPH$bORPH$cKTS1_P$d2020-07-08$eKoopman$i32B01$oBIO BACH1 b$p20122966$r2021-01-12 00:00:00$w2021-01-12$yBOO
=999  \\$d12333

