=LDR  01926cam a2200325 a 4500
=001  12339
=005  20251003085459.0
=008  890725s1988\\\\gw\ag\\\\c\\\\000\0\ger\\
=020  \\$a3882264403 :$cDM36.00
=040  \\$aOI
=100  \\$aKlein, Hans-Günter$d1939-2016$1http://www.wikidata.org/entity/Q40014135$914900$4edt
=245  10$aEr ist Original!$bCarl Philipp Emanuel Bach: sein musikalisches Werk in Autographen und Erstdrucken aus der Musikabteilung der Staatsbibliothek Preussischer Kulturbesitz Berlin. Ausstellung zum 200. Todestag des Komponisten, 14. Dezember 1988 bis 11. Februar 1989
=260  \\$aWiesbaden$bReichert$c1988
=300  \\$a120 pages$billustrations, music$c28 cm
=490  1\$aAusstellungskataloge / Staatsbibliothek Preussischer Kulturbesitz$v34
=504  \\$aIncludes bibliographical references (p. 113-114).
=600  \0$aBach, Carl Philipp Emanuel$d1714-1788$1http://www.wikidata.org/entity/Q76428$99218
=610  \0$aStaatsbibliothek zu Berlin (Germany)$1http://www.wikidata.org/entity/Q170109$91572
=648  \0$a18th Century (1701-1800)$1http://www.wikidata.org/entity/Q7015$920899
=650  \0$aComposer$1http://www.wikidata.org/entity/Q36834$93625
=650  \0$aManuscript$1http://www.wikidata.org/entity/Q87167$92275
=650  \0$aMusic printing$1http://www.wikidata.org/entity/Q64416036$94007
=650  \0$aExhibition$1http://www.wikidata.org/entity/Q464980$925353
=650  \0$aCatalogue$1http://www.wikidata.org/entity/Q2352616$1http://www.wikidata.org/entity/Q6941730$921484
=651  \0$aBerlin (Germany)$1http://www.wikidata.org/entity/Q64$948
=651  \0$aHamburg (Germany)$1http://www.wikidata.org/entity/Q1055$921940
=710  \\$aStaatsbibliothek zu Berlin (Germany)$91572
=942  \\$cBOO
=952  \\$00$10$2ddc$40$6BIO_BACH2_B$70$8BIO$912322$aORPH$bORPH$cKTS1_P$d2020-07-08$eKoopman$i32B11$oBIO BACH2 b$p20122955$r2021-01-12 00:00:00$w2021-01-12$yBOO
=999  \\$d12339

