=LDR  01790aam a2200277   4500
=001  12340
=008  240125s1990\\\\||||||||\||||\10|\0ddut\d
=041  \\$adut
=100  \\$aRasch, Rudolf$d1945-$1http://www.wikidata.org/entity/Q112427566$4edt$913439
=245  \\$aConstanter in musicis:$bConstantijn Huygens en de muziek
=260  \\$aUtrecht$bRijksuniversiteit Utrecht$c1990
=505  \\$gHuygens en de psalmen / Y. Baljeu -- Muzikale thema's in de gedichten van Huygens / S. van der Heyden -- De Ban/Boësset-controverse / A. Lieffering -- Huygens en het clavecimbel / D. Luijmes -- De muzikale opvoeding van Constantijn Huygens en zijn kinderen / S. Manders -- Huygens en de viola da gamba / C. van Stigt -- Utricia Ogle / B. Vissers
=600  \0$aHuygens, Constantijn$d1596-1687$1http://www.wikidata.org/entity/Q560746$95174
=600  \0$aBan, Jan Albert$d1597-1644$1http://www.wikidata.org/entity/Q3040420$94893
=600  \0$aBoësset, Antoine$d1585?-1643$1http://www.wikidata.org/entity/Q279121$922418
=648  \0$a17th Century (1601-1700)$1http://www.wikidata.org/entity/Q7016$920923
=650  \0$aComposer$1http://www.wikidata.org/entity/Q36834$93625
=650  \0$aPsalm$1http://www.wikidata.org/entity/Q12497663$92164
=650  \0$aPoetry$1http://www.wikidata.org/entity/Q482$93026
=650  \0$aHarpsichord$1http://www.wikidata.org/entity/Q81982$92125
=650  \0$aMusic education$1http://www.wikidata.org/entity/Q27908$921766
=650  \0$aViola da gamba$1http://www.wikidata.org/entity/Q96066477$93955
=651  \0$aNetherlands$1http://www.wikidata.org/entity/Q55$9173
=942  \\$cBOO
=952  \\$00$10$2ddc$40$6BIO_HUYG1_C$70$8BIO$912323$aORPH$bORPH$cKTS1_P$d2020-07-08$eKoopman$i32B14$l0$oBIO HUYG1 c$p20122951$r2021-01-12 00:00:00$w2021-01-12$yBOO$OKoopman
=999  \\$d12340

