=LDR  00834aam a2200181   4500
=001  12341
=005  20251003085459.0
=008  230331s1970\\\\||||||||\c|||\00|\0\fre\d
=041  \\$afre
=245  \\$aCatalogue no. 6:$bL'Œuvre orchestral de George Frederic Händel
=260  \\$as.l.$bUnion Européenne de Radiodiffusion$c1970
=600  \0$aHandel, George Frideric$d1685-1759$1http://www.wikidata.org/entity/Q7302$94765
=648  \0$a18th Century (1701-1800)$1http://www.wikidata.org/entity/Q7015$920899
=650  \0$aComposer$1http://www.wikidata.org/entity/Q36834$93625
=650  \0$aCatalogue$1http://www.wikidata.org/entity/Q2352616$921484
=942  \\$cBOO
=952  \\$00$10$2ddc$40$6BIO_HAND_C$70$8BIO$912324$aORPH$bORPH$cKTS1_P$d2020-07-08$eKoopman$i32B15$l0$oBIO HAND c$p20122950$r2021-01-12 00:00:00$w2021-01-12$yBOO$OKoopman
=999  \\$d12341

