=LDR  01246cam a2200265 a 4500
=001  12343
=005  20250121142129.0
=008  860915s1985\\\\enkaf\\\\c\\\\001\0\eng\\
=020  \\$a0904017680 :$c£12.95
=020  \\$z0904017670 (pbk.)
=040  \\$aOI
=245  00$aHandel, a celebration of his life and times, 1685-1759 /$cedited by Jacob Simon.
=260  \\$aLondon :$bNational Portrait Gallery,$cc1985.
=300  \\$a296 p., [24] p. of plates :$bill. (some col.) ;$c28 cm.
=600  \0$aHandel, George Frideric$d1685-1759$1http://www.wikidata.org/entity/Q7302$94765
=650  \0$aComposer$1http://www.wikidata.org/entity/Q36834$93625
=650  \0$aMusic$92062
=650  \0$aMusic history$1http://www.wikidata.org/entity/Q846047$921373
=700  \\$aSimon, Jacob$914904
=710  \\$aNational Portrait Gallery (London, United Kingdom)$1http://www.wikidata.org/entity/Q238587$91708
=942  \\$cBOO
=952  \\$00$10$2ddc$40$6BIO_HAND_D$70$8BIO$912326$aORPH$bORPH$cKTS1_P$d2020-07-08$eKoopman$i32B22$oBIO HAND d$p20122944$r2021-01-12 00:00:00$w2021-01-12$yBOO$OKoopman
=999  \\$c12343$d12343
=648  \0$a18th Century (1701-1800)$1http://www.wikidata.org/entity/Q7015$920899
=651  \0$aUnited Kingdom$1http://www.wikidata.org/entity/Q21$9273

