=LDR  00503    a2200145   4500
=001  12344
=005  20250120120321.0
=020  \\$a9090018530
=041  \\$adut
=245  \\$aWillem de Fesch: voordrachten gehouden in Alkmaar
=260  \\$c1987
=600  \0$aFesch, Willem de$d1687-1761$1http://www.wikidata.org/entity/Q999550$95302
=942  \\$cBOO
=952  \\$00$10$2ddc$40$6BIO_FESC_E$70$8BIO$912327$aORPH$bORPH$cKTS1_P$d2020-07-08$eKoopman$i32B35$oBIO FESC e$p20122931$r2021-01-12 00:00:00$w2021-01-12$yBOO
=999  \\$d12344

