=LDR  01114cam a22002414a 4500
=001  12345
=005  20250121142129.0
=008  040329s2003\\\\it\a\\\\\bc\\\000\0\ita\\
=020  \\$a8851001596
=040  \\$aOI
=100  \\$aTraversi, Gaspare$d1722/23-1770$1http://www.wikidata.org/entity/Q1388163$913448
=245  10$aGaspare Traversi :$bnapoletani del '700 tra miseria e nobiltà /$ca cura di Nicola Spinosa.
=260  \\$aNapoli :$bElecta Napoli,$cc2003.
=300  \\$a267 p. :$bcol. ill. ;$c28 cm.
=504  \\$aIncludes bibliographical references (p. 261-267).
=600  \0$aTraversi, Gaspare$d1722/23-1770$1http://www.wikidata.org/entity/Q1388163$913448
=650  \0$aFine art$1http://www.wikidata.org/entity/Q219625$921579
=700  \\$aSpinosa, Nicola$914905
=942  \\$cBOO
=952  \\$00$10$2ddc$40$6BIO_TRAV_E$70$8BIO$912328$aORPH$bORPH$cKTS1_P$d2020-07-08$eKoopman$i32B38$oBIO TRAV e$p20122928$r2021-01-12 00:00:00$w2021-01-12$yBOO$OKoopman
=999  \\$c12345$d12345
=651  \0$aItaly$1http://www.wikidata.org/entity/Q38$922
=648  \0$a18th Century (1701-1800)$1http://www.wikidata.org/entity/Q7015$920899

