=LDR  04561cam a2200565   4500
=001  12347
=005  20250925143259.0
=008  740219s1974\\\\iauh\\\\\\\\\\010\0\eng\\
=020  \\$a0697035433
=040  \\$aOI
=041  \\$aeng
=100  \\$aCuyler, Louise$d1908-1998$4dte$910356
=245  00$aNotations and Editions:$bA Book in Honor of Louise Cuyler
=260  \\$aDubuque, IA$bBrown$c[1974]
=300  \\$aviii-204 pages$bfacsimiles$c29 cm
=505  0\$gMedieval monophonic song: Kalenda maia by Raimbault de Vagueiras / G. S. McPeek -- A comparison of two manuscripts: Fole acoustumance / H. Tischler -- Lyonel Power's Sanctus / J. R. White -- An editorial problem in a Mass by Heinrich Isaac / G. Reese -- German organ tablature: Dies est lætitiæ / T. A. Warburton -- A madrigal in four voices: La mia doglia s'avanza (1613) by Pomponio Nenna / G. E. Watkins -- A study of notational and performance problems of an early air de cour: Je voudrois bien, ô Cloris (1629) by Antoine Boësset / A. Cohen -- Some problems of transcribing music with many sources: the verse anthem O praise God in His holiness by Edward Smith / J. B. Clark -- English consort music: Fancy and ayre in G minor (c. 1660) by John Jenkins / R. A. Warner -- Some aspects of notation in an Alma Redemptoris Mater (c. 1670) by Marc-Antoine Charpentier / H. W. Hitchcock -- Problems in editing harpsichord music: Suite in D by Ferdinand Tobias Richter / C. D. Harris -- A realization by J. C. Heck: an Affettuoso di molto by Johann Joachim Quantz / E. R. Reilly -- Robert Alexander Schumann: Tema, op. 13 / J. L. Kollen -- Spelling and intention: a setting of William Alexander Percy's lyric A sea-bird (1933) by Irwin Fischer / E. Borroff -- Concerning my Fantasy in two movements / R. L. Finney -- A new notation: Soliloquies for violin and piano (1971) by Paul Cooper / E. Borroff
=600  \0$aPower, Leonel$d?-1445$1http://www.wikidata.org/entity/Q2711953$918564
=600  \0$aIsaac, Heinrich$dc. 1450-1517$1http://www.wikidata.org/entity/Q316668$919472
=600  \0$aBoësset, Antoine$d1585?-1643$1http://www.wikidata.org/entity/Q279121$922418
=600  \0$aJenkins, John$d1592-1678$1http://www.wikidata.org/entity/Q1509098$925406
=600  \0$aCharpentier, Marc-Antoine$d1643-1704$1http://www.wikidata.org/entity/Q55524$910169
=600  \0$aQuantz, Johann Joachim$d1697-1773$1http://www.wikidata.org/entity/Q77212$96465
=648  \0$aMiddle Ages (500-1400)$1http://www.wikidata.org/entity/Q12554$920964
=648  \0$aRenaissance (1400-1600)$1http://www.wikidata.org/entity/Q4692$920965
=648  \0$a17th Century (1601-1700)$1http://www.wikidata.org/entity/Q7016$920923
=648  \0$a18th Century (1701-1800)$1http://www.wikidata.org/entity/Q7015$920899
=648  \0$a20th Century (1901-2000)$1http://www.wikidata.org/entity/Q6927$920936
=650  \0$aMusic history$1http://www.wikidata.org/entity/Q846047$921373
=650  \0$aNotation$1http://www.wikidata.org/entity/Q233861$91964
=650  \0$aSong$1http://www.wikidata.org/entity/Q7366$94164
=650  \0$aManuscript$1http://www.wikidata.org/entity/Q87167$92275
=650  \0$aChurch music$1http://www.wikidata.org/entity/Q8812109$1https://www.wikidata.org/wiki/Q1065742$92283
=650  \0$aTablature$1http://www.wikidata.org/entity/Q143217$93722
=650  \0$aOrgan music$1https://www.wikidata.org/entity/Q2003283$91951
=650  \0$aMadrigal$1http://www.wikidata.org/entity/Q193217$921649
=650  \0$aAir de cour$1http://www.wikidata.org/entity/Q407916$921710
=650  \0$aAnthem$1http://www.wikidata.org/entity/Q541947$92161
=650  \0$aKeyboard music$1http://www.wikidata.org/entity/Q105715630$921412
=650  \0$aHarpsichord$1http://www.wikidata.org/entity/Q81982$92125
=650  \0$aEditor$1http://www.wikidata.org/entity/Q1607826$93452
=650  \0$aSuite$1http://www.wikidata.org/entity/Q203005$921718
=651  \0$aFrance$1http://www.wikidata.org/entity/Q142$9131
=651  \0$aGermany$1http://www.wikidata.org/entity/Q183$9155
=651  \0$aItaly$1http://www.wikidata.org/entity/Q38$922
=651  \0$aUnited Kingdom$1http://www.wikidata.org/entity/Q21$1https://www.wikidata.org/wiki/Q145$9273
=651  \0$aUSA$1http://www.wikidata.org/entity/Q30$943
=700  \\$aBorroff, Edith$d1925-2019$1http://www.wikidata.org/entity/Q5338504$4edt$914907
=942  \\$cBOO
=952  \\$00$10$2ddc$40$6BIB_3_000000000000000_CUYL$70$8BIB$912330$aORPH$bORPH$cKTS0$d2020-07-08$eKoopman$i32B44$l0$oBIB3  CUYL$p20122922$r2021-01-12 00:00:00$w2021-01-12$yBOO$OKoopman
=999  \\$d12347

