=LDR  04311cam a2200457 a 4500
=001  12350
=005  20250821130544.0
=008  910116s1990\\\\gw\ag\\\\b\\\\100\0dger\\
=020  \\$a3761809948
=040  \\$aOI
=245  00$aDietrich Buxtehude und die europäische Musik seiner Zeit:$bBericht über das Lübecker Symposion 1987
=260  \\$aKassel$aNew York$bBärenreiter$c1990
=300  \\$a319 pages$billustrations, music$c25 cm
=490  \\$aKieler Schriften zur Musikwissenschaft$v35
=504  \\$aIncludes bibliographical references.
=505  \\$gDietrich Buxtehude, Musik zwischen Geschichte und Gegenwart / F. Krummacher (9) -- Gott zu Ehren und dem Stifter zum Ruhme / L. O. Larsson (31) -- Sven-David Sandström / L. Reimers (50) -- Zusammenhänge von Frömmigkeit und Musik in der Zeit Buxtehudes / C. Bunners (54) -- Buxtehude und der frühe Pietismus / H. Lehmann (67) -- Zur Typologie der Vokalwerke Buxtehudes / S. Sörensen (77) -- Figur und Affekt in Buxtehudes Choralkantaten / M. Ruhnke (84) -- Das deutschsprachige Oratorium um Buxtehude / N. Grinde (101) -- Musik für den Kenner und den "gemeinen Bürger", stilistische Varianten in Buxtehudes Vokalmusik / K. J. Snyder (108) -- Historische Zusammenhänge und affektuose Bedeutung des Gambenensembles in der Vokalmusik des Barockzeitalters / E. Linfield (123) -- "Red' und Antwort'", ein Beitrag zu Matthias Weckmanns Kammermusik / C. Defant (146) -- Über Inhalt und Bedeutung der Instrumentalmusik in der Düben-Sammlung, zur Geschichte der schwedischen Hofkapelle in Buxtehudes Zeit / E. Kjellberg (162) -- Suitensätze und Tanzmodelle. Zur Rezeption des Menuetts in der norddeutschen Region der Buxtehude-Zeit / H. W. Schwab (183) -- Stilanalyse und Überleiferungsproblematik. Das Variationssuiten-Repertoire J.A. Reinckens / R. S. Hill (204) -- Nord- und südeuropäische Traditionen in der Kammermusik Buxtehudes / N. M. Jensen (215) -- Zur Chronologie der freien Orgelwerke Buxtehudes / K. Beckmann (224) -- Buxtehude und die norddeutsche Doppelpedaltradition / M. Belotti (235) -- Buxtehudes Tokkaten im II. Ton. Eine vergleichende Betrachtung / F. W. Riedel -- Die geschichtliche Stellung von Buxtehudes monodischem Orgelchoral / W. Breig (260) -- Buxtehude und die norddeutsche Choralphantasie / A. Edler (275) -- Phantastik und Kalkül. Bemerkungen zu den Ostinato-Kompositionen in der Orgelmusik Buxtehudes / B. Sponheuer (289) -- Buxtehudes freie Orgelmusik und die Idee der "imitatio violistica" / C. Wolff (310)
=561  \\$aHandwritten dedication by the editors
=600  \0$aBuxtehude, Dietrich$d1637-1707$1http://www.wikidata.org/entity/Q153637$910062
=600  \0$aWeckmann, Matthias$d1616?-1674$1http://www.wikidata.org/entity/Q526500$910393
=600  \0$aReincken, Johann Adam$d1623-1722$1http://www.wikidata.org/entity/Q526500$923014
=648  \0$a17th Century (1601-1700)$1http://www.wikidata.org/entity/Q7016$920923
=650  \0$aComposer$1http://www.wikidata.org/entity/Q36834$93625
=650  \0$aOrgan music$1http://www.wikidata.org/entity/Q2003283$91951
=650  \0$aChorale$1http://www.wikidata.org/entity/Q724473$921334
=650  \0$aFantasia$1http://www.wikidata.org/entity/Q836571$921930
=650  \0$aOratorio$1http://www.wikidata.org/entity/Q85477$91825
=650  \0$aGerman$1http://www.wikidata.org/entity/Q188$923675
=650  \0$aSuite$1http://www.wikidata.org/entity/Q203005$921718
=650  \0$aTheme and variations$1http://www.wikidata.org/entity/Q763324$92038
=650  \0$aToccata$1http://www.wikidata.org/entity/Q140544$923527
=650  \0$aViola da gamba$1http://www.wikidata.org/entity/Q96066477$93955
=650  \0$aMinuet$1http://www.wikidata.org/entity/Q205734$93918
=650  \0$aBasso ostinato$1http://www.wikidata.org/entity/Q810543$923656
=650  \0$aMusic history$1http://www.wikidata.org/entity/Q846047$921373
=650  \0$aMusical analysis$1http://www.wikidata.org/entity/Q1544924$92775
=651  \0$1http://www.wikidata.org/entity/Q46$aEurope$991
=700  \\$aEdler, Arnfried$4edt$910666
=700  \\$aKrummacher, Friedhelm$d1936-$4edt$911915
=942  \\$cBOO
=952  \\$00$10$2ddc$40$6BIO_BUXT_E$70$8BIO$912333$aORPH$bORPH$cKTS1_P$d2020-07-08$eKoopman$i32C38$l0$oBIO BUXT e$p20122881$r2021-01-12 00:00:00$w2021-01-12$yBOO$OKoopman
=999  \\$d12350

