=LDR  03832cam a2200385 a 4500
=001  12351
=005  20251001162312.0
=008  871222s1986\\\\fr\af\\\\b\\\f100\0\fre\\
=020  \\$a2853991431 :$c150F
=040  \\$aOI
=041  \\$afre
=245  00$aDiderot, les beaux-arts et la musique
=260  \\$aAix-en-Provence$bUniversité de Provence$c1986
=300  \\$ax-324 pages$b[5] leaves of plates, illustrations$c21 cm
=504  \\$aIncludes bibliographies.
=505  \\$aPrésentation / H. Coulet (i) -- Le "Moment" dans la critique et l'écriture des Salons / P. Retat (1) -- L'absence dialogique et l'art du tableau chez Diderot / J. Caplan (13) -- Diderot et Rembrandt : une occasion perdue / C. Rosso (25) -- Diderot et Chardin: la Voie du Silence / R. Demoris (43) -- Le vocabulaire de la couleur dans les Salons de Diderot / A. M. Chouillet (55) -- Les chapitres artistiques des volumes de planches de l'Encyclopédie / M. Pinault (67) -- Des Salons à Jacques le Fataliste : l'itinéraire d'une recherche / C. Roig (93) -- Une originalité de Diderot: le "Texte-Image" / I. Vissière (109) -- La critique d'art du XVIIIe dans l'Esthétique de Mario Praz / F. B. Crucitti Ulrich (123) -- Diderot et la Musique (1748-1760) / A. Niderst (135) -- Angélique et l'art musical: deux passions du philosophe / J. Mayer (147) -- L'opposition Majeur-Mineur est-elle dans la nature? (physique, métaphysique, musique) / P. Chanier (159) -- L'Expression musicale pour Diderot : instinct ou éloquence ? / G. Le Coat (175) -- Une œuvre "paradoxale": les Leçons de clavecin et principes d'harmonie de Bemetzrieder / G. Buchmann (185) -- Les Leçons de clavecin et principes d'harmonie: un ouvrage à plusieurs mains / G. Poitry (209) -- La musique "à la coupelle de la raison": de Rousseau à Diderot / J. Roussel (221) -- L'opéra français contre l'italien: la solution de Diderot dans le Neveu de Rameau / J. Pappas (233) -- Les opéras imaginaires de Diderot / B. Didier (241) -- Diderot et l'opéra-comique : absolution du burlesque, réussite du pathétique / M. Golub (261) -- Diderot et le "Drame lyrique" / A. Bianco (277) -- Les Musicaux et les Muets dans la pensée de Diderot / A. Schober (287) -- Violons et violonistes dans l'oeuvre de Diderot et dans l'Encyclopédie / S. Milliot (293) -- A propos d'une représentation du "Fils Naturel" / P. Voltz (307)
=590  \\$aactes du colloque international tenu à Aix-en-Provence les 14, 15 et 16 décembre 1984
=600  \0$aDiderot, Denis$d1713-1784$1http://www.wikidata.org/entity/Q448$914909
=600  \0$aBemetzrieder, Anton$d1743-1817$1http://www.wikidata.org/entity/Q2856990$95415
=600  \0$aChardin, Jean Baptiste Siméon$d1699-1779$1http://www.wikidata.org/entity/Q207447$923044
=648  \0$a18th Century (1701-1800)$1http://www.wikidata.org/entity/Q7015$920899
=650  \0$aWriter$1http://www.wikidata.org/entity/Q36180$93885
=650  \0$aFine art$1http://www.wikidata.org/entity/Q219625$921579
=650  \0$aLiterature$1http://www.wikidata.org/entity/Q8242$94439
=650  \0$aMusic history$1http://www.wikidata.org/entity/Q846047$921373
=650  \0$aMusic theory$1http://www.wikidata.org/entity/Q193544$92662
=650  \0$aMusic philosophy and aesthetics$1http://www.wikidata.org/entity/Q2092865$921165
=650  \0$aOpera$1http://www.wikidata.org/entity/Q1344$92468
=650  \0$aQuarrel$1http://www.wikidata.org/entity/Q2357965$922897
=650  \0$aHarpsichord$1http://www.wikidata.org/entity/Q81982$92125
=650  \0$aEnlightenment$1http://www.wikidata.org/entity/Q12539$94532
=651  \0$aFrance$1http://www.wikidata.org/entity/Q142$9131
=942  \\$cBOO
=952  \\$00$10$2ddc$40$6BIO_DIDE_E$70$8BIO$912334$aORPH$bORPH$cKTS1_P$d2020-07-08$eKoopman$i32D22$oBIO DIDE e$p20123123$r2021-01-12 00:00:00$w2021-01-12$yBOO
=999  \\$d12351

