=LDR  00341    a2200097   4500
=001  12353
=245  \\$aThe Gerald Coke Händel collection
=260  \\$c1985
=942  \\$cBOO
=952  \\$00$10$2ddc$40$6BIO_HAND_E$70$8BIO$912336$aORPH$bORPH$cKTS1_P$d2020-07-08$eKoopman$i32E22$l0$oBIO HAND e$p20122845$r2021-01-12 00:00:00$w2021-01-12$yBOO$OKoopman
=999  \\$c12353$d12353

