=LDR  00321    a2200097   4500
=001  12354
=245  \\$aDer junge Haydn
=260  \\$c1972
=942  \\$cBOO
=952  \\$00$10$2ddc$40$6BIO_HAYD1_E$70$8BIO$912337$aORPH$bORPH$cKTS1_P$d2020-07-08$eKoopman$i32F03$oBIO HAYD1 e$p20123099$r2021-01-12 00:00:00$w2021-01-12$yBOO$OKoopman
=999  \\$c12354$d12354

