=LDR  01963nam a2200313 a 4500
=001  12357
=005  20251003085459.0
=008  900221s1989\\\\gw\a\\\\\bc\\\000\0dger\d
=020  \\$a3870571527
=040  \\$aOI
=041  \\$ager
=245  00$aCarl Ditters von Dittersdorf, 1739-1799:$bMozarts Rivale in der Oper
=260  \\$aWürzburg$bKorn$c1989
=300  \\$a133 p. :$bill. (some col.) ;$c21 cm.
=500  \\$a"Staatsarchiv Würzburg auf der Festung Marienberg, 1. Juni bis 2. Juli 1989.  Universitätsbibliothek Eichstätt, 21. September bis 27. Oktober 1989"--Half title page.
=504  \\$aIncludes bibliographical references (p. [125]-133).
=505  \\$gCarl Ditters von Dittersdorf (1739-1799): Stationen seines Lebens zwischen Wien und Schlesien / W. Bein -- Der jüngste Sohn: Karl Ditters von Dittersdorf (1793-1851). Priester und Wissenschaftler / J. Overath -- Dittersdorfs "Der Apotheker und der Doktor". Zur Rezeptionsgeschichte eines Singspiel-Klassikers / B. Rudin -- Das bekannte und zugleich unbekannte Werk des Carl Ditters von Dittersdorf / H. Unverricht -- Katalogteil / H. Unverricht
=600  \0$aDittersdorf, Karl Ditters von$d1739-1799$1http://www.wikidata.org/entity/Q78522$97659
=648  \0$a18th Century (1701-1800)$1http://www.wikidata.org/entity/Q7015$920899
=650  \0$aComposer$1http://www.wikidata.org/entity/Q36834$93625
=650  \0$aBiography$1http://www.wikidata.org/entity/Q36279$91927
=650  \0$aCatalogue$1http://www.wikidata.org/entity/Q2352616$921484
=650  \0$aOpera$1http://www.wikidata.org/entity/Q1344$92468
=651  \0$aAustria$1http://www.wikidata.org/entity/Q40$9202
=700  \\$aUnverricht, Hubert$d1927-2017$4edt$1http://www.wikidata.org/entity/Q1633468$914509
=700  \\$aBein, Werner$4edt$921053
=942  \\$cBOO
=952  \\$00$10$2ddc$40$6BIO_DITT_E$70$8BIO$912340$aORPH$bORPH$cKTS1_P$d2020-07-08$eKoopman$i32G02$oBIO DITT e$p20122828$r2021-01-12 00:00:00$w2021-01-12$yBOO
=999  \\$d12357

