=LDR  01725cam a2200277 a 4500
=001  12358
=005  20250121142129.0
=008  890214s1987\\\\gw\agh\\\b\\\\000\0dger\\
=020  \\$a3795713293
=040  \\$aOI
=245  00$aChristoph Graupner, Hofkapellmeister in Darmstadt, 1709-1760 /$cmit Beiträgen zu Graupners Leben und Werk von Peter Ahnsehl ... [et al.] ; hrsg. von Oswald Bill.
=260  \\$aMainz ;$aNew York :$bSchott,$cc1987.
=300  \\$a390 p. :$bill., music, facsims. ;$c22 cm.
=504  \\$aIncludes bibliographical references.
=505  0\$aZum Konzertschaffen Christoph Graupners / Peter Ahnsehl -- Die Darmstädter Hofkapelle unter Christoph Graupner 1709-1760 / Joanna Cobb Biermann -- Dokumente zum Leben und Wirken Christoph Graupners in Darmstadt / Oswald Bill -- Die Sinfonien Christoph Graupners / Peter Cahn -- Christoph Graupners Opern / Andrew D. McCredie -- Alte und neue Erkenntnisse zum Klavierschaffen Graupners / Lothar Hoffmann-Erbrecht -- Die Kirchenkantaten Christoph Graupners / Vernon Wicker.
=600  \0$aGraupner, Christoph$d1683-1760$1http://www.wikidata.org/entity/Q115067$99628
=650  \0$aMusic$92062
=700  \\$aAhnsehl, Peter$914913
=700  \\$aBill, Oswald$99626
=942  \\$cBOO
=952  \\$00$10$2ddc$40$6BIO_GRAU_E$70$8BIO$912341$aORPH$bORPH$cKTS1_P$d2020-07-08$eKoopman$i32G05$l0$oBIO GRAU e$p20122825$r2021-01-12 00:00:00$w2021-01-12$yBOO$OKoopman
=999  \\$c12358$d12358
=490  \\$aBeiträge zur mittelrheinischen Musikgeschichte,$vNr. 28
=651  \0$aGermany$1http://www.wikidata.org/entity/Q183$9155
=648  \0$a18th Century (1701-1800)$1http://www.wikidata.org/entity/Q7015$920899
=650  \0$aMusic history$1http://www.wikidata.org/entity/Q846047$921373

