=LDR  00668aam a2200157   4500
=001  12360
=008  250407s1954\\\\|||g||||\||||\00|\0\lat\d
=041  \\$alat
=245  \\$aLiber usualis missæ et officii pro dominicis et festis cum cantu gregoriano
=260  \\$aParis$aTournai$aRome$bDesclée$c1954
=650  \0$aMass$1http://www.wikidata.org/entity/Q217295$92735
=650  \0$aCatholicism$1http://www.wikidata.org/entity/Q1841$921631
=650  \0$aPlainchant$1http://www.wikidata.org/entity/Q2707688$921363
=942  \\$cBOO
=952  \\$00$10$2ddc$40$70$912343$aORPH$bORPH$cLOC_UNK$d2020-07-08$eKoopman$i32G32$l0$p20122792$r2021-01-12 00:00:00$w2021-01-12$yBOO$OKoopman
=999  \\$d12360

