=LDR  00849aam a2200181   4500
=001  12363
=008  230217s1985\\\\||||||||\c|||\00|\0bger\d
=041  \\$ager
=245  \\$aBach in Leipzig: $bLeben, Wirken, Nachwirken
=260  \\$aDDR$bNationale Forschungs- und Gedenkstätten Johann Sebastian Bach$c1985
=648  \0$a18th Century (1701-1800)$1http://www.wikidata.org/entity/Q7015$920899
=650  \0$aComposer$1http://www.wikidata.org/entity/Q36834$93625
=650  \0$aBiography$1http://www.wikidata.org/entity/Q36279$91927
=650  \0$aLegacy$1http://www.wikidata.org/entity/Q623282$922131
=651  \0$aLeipzig (Germany)$1http://www.wikidata.org/entity/Q2079$945
=942  \\$cBOO
=952  \\$00$10$2ddc$40$6BIO_BACH1_E$70$8BIO$912346$aORPH$bORPH$cKTS1_P$d2020-07-08$eKoopman$i33A06$oBIO BACH1 e$p20123051$r2021-01-12 00:00:00$w2021-01-12$yBOO
=999  \\$d12363

