=LDR  00351    a2200109   4500
=001  12364
=020  \\$a3370000687
=245  \\$aBericht Bach-Konferenz 1985
=260  \\$c1988
=942  \\$cBOO
=952  \\$00$10$2ddc$40$6BIO_BACH1_E$70$8BIO$912347$aORPH$bORPH$cKTS1_P$d2020-07-08$eKoopman$i33A24$oBIO BACH1 e$p20123035$r2021-01-12 00:00:00$w2021-01-12$yBOO
=999  \\$c12364$d12364

