=LDR  01432cam a22003254a 4500
=001  12367
=005  20250120115956.0
=008  041018m20042007ne\ab\\\\b\\\\001\0\dut\\
=020  \\$a9058751813 ([v. 1])
=020  \\$a9058751376 ([v. 2.1])
=020  \\$a9058751384 ([v. 2.2])
=020  \\$a9058751392 (v. 3)
=020  \\$a9789058751409 (v. 4)
=040  \\$aOI
=041  \\$adut
=100  \\$4edt$aCarasso-Kok, Marijke$eEditor$914915
=245  00$aGeschiedenis van Amsterdam
=260  \\$aAmsterdam$bSUN$c2004-7
=300  \\$a4 v. in 5 :$bill. (some col.), maps (some col.) ;$c27 cm.
=504  \\$aIncludes bibliographical references and index.
=505  1\$a[D. 1]. Een stad uit het niets, tot 1578 -- [d. 2.1]. Centrum van de wereld, 1578-1650 -- [d. 2.2]. Zelfbewuste stadstaat, 1650-1813 -- d. 3. Hoofdstad in aanbouw, 1813-1900 -- d. 4. Tweestrijd om de hoofdstad, 1900-2000.
=650  \0$aHistory$1http://www.wikidata.org/entity/Q309$921403
=651  \0$aAmsterdam (Netherlands)$9189
=700  \\$aHuizinga, Nienke$4ctb$914916
=700  \\$aWouthuysen, Ester$4ctb$914917
=700  \\$aKrook, Wiard$4ctb$914918
=942  \\$cBOO
=952  \\$00$10$40$70$8TOP$912349$aORPH$bORPH$cKTS0$d2020-07-08$eKoopman$l0$p20122775$r2021-01-12 00:00:00$w2021-01-12$yBOO$OKoopman
=952  \\$00$10$40$70$8TOP$912350$aORPH$bORPH$cKTS0$d2020-07-08$eKoopman$l0$p20122774$r2021-01-12 00:00:00$w2021-01-12$yBOO$OKoopman
=999  \\$c12367$d12367

