=LDR  01641cam a2200313 a 4500
=001  12368
=005  20251003085459.0
=008  950622s1991\\\\\\\aof\\\bc\\\001\0\spa\d
=041  \\$aspa
=245  03$aLas Edades del hombre.$bLa música en la Iglesia de Castilla y León
=260  \\$aLeón$c1991
=300  \\$axxiv-349 pages
=504  \\$aIncludes bibliographical references (p. 333-339) and index.
=590  \\$aproyectan las diócesis de Castilla y León ; patrocinan Caja de Ahorros de Salamanca y Soria, Junta de Castilla y León.
=650  \0$aMusic history$1http://www.wikidata.org/entity/Q846047$921373
=650  \0$aFine art$1http://www.wikidata.org/entity/Q219625$921579
=650  \0$aCatalogue$1http://www.wikidata.org/entity/Q2352616$1http://www.wikidata.org/entity/Q6941730$921484
=650  \0$aExhibition$1http://www.wikidata.org/entity/Q464980$925353
=650  \0$aChurch music$1http://www.wikidata.org/entity/Q8812109$92283
=650  \0$aManuscript$1http://www.wikidata.org/entity/Q87167$92275
=650  \0$aOrganology$1http://www.wikidata.org/entity/Q899293$921400
=650  \0$aIconography$1http://www.wikidata.org/entity/Q208145$921259
=650  \0$aCatholicism$1http://www.wikidata.org/entity/Q1841$921631
=651  \0$aCastile and León (Spain)$1http://www.wikidata.org/entity/Q5739$923015
=710  \\$aCaja de Ahorros de Salamanca y Soria (Spain)$91711
=740  0\$aMúsica en la Iglesia de Castilla y León.
=942  \\$cBOO
=952  \\$00$10$2ddc$40$6TOP_ES_CAS$70$8TOP$912351$aORPH$bORPH$cKTS0$d2020-07-08$eKoopman$i33B15$l0$oTOP ES.CAS$p20122766$r2021-01-12 00:00:00$w2021-01-12$yBOO$OKoopman
=999  \\$d12368

