=LDR  01247aam a2200253   4500
=001  12371
=008  230918s1988\\\\|||agc||\||||\00|\0deng\d
=020  \\$a9780888802132
=041  \\$aeng
=245  \\$aDietrich Buxtehude and Samuel Scheidt:$bAn Anniversary Tribute
=260  \\$c1988
=300  \\$axiii-216 pages$e1 CD
=500  \\$aIncludes concert and recital programmes, and directory of compositions performed.
=590  \\$aproceedings of the International Buxtehude/Scheidt Festival and Conference at the University of Saskatchewan, November 1987
=600  \0$1http://www.wikidata.org/entity/Q153637$aBuxtehude, Dietrich$d1637-1707$910062
=600  \0$1http://www.wikidata.org/entity/Q169291$aScheidt, Samuel$d1587-1654$96474
=650  \0$1http://www.wikidata.org/entity/Q36834$aComposer$93625
=650  \0$1http://www.wikidata.org/entity/Q846047$aMusic history$921373
=650  \0$1http://www.wikidata.org/entity/Q17590416$aFestival book$922319
=700  1\$4edt$926499$aKreyszig, Walter Kurt
=700  1\$4edt$926500$aMills, Isabelle$d1923-
=942  \\$cBOO
=952  \\$00$10$2ddc$40$6BIO_BUXT_E$70$8BIO$912354$aORPH$bORPH$cKTS1_P$d2020-07-08$eKoopman$i33B22$oBIO BUXT e$p20122758$r2021-01-12 00:00:00$w2021-01-12$yBOO$OKoopman
=999  \\$d12371

