=LDR  00326    a2200097   4500
=001  12372
=245  \\$aBuxtehude Diversen 1
=260  \\$cs.d.
=942  \\$cBOO
=952  \\$00$10$2ddc$40$6BIO_BUXT_E$70$8BIO$912355$aORPH$bORPH$cKTS1_P$d2020-07-08$eKoopman$i33B23-1$oBIO BUXT e$p20122757$r2021-01-12 00:00:00$w2021-01-12$yBOO$OKoopman
=999  \\$c12372$d12372

