=LDR  02156aam a2200265   4500
=001  12374
=005  20250925143259.0
=008  221124s1969\\\\|||gh|||\||||\00|\0\mul\d
=041  \\$afre$aeng
=100  \\$aDemoulin, Jean-Pierre$925377
=245  \\$aVivaldiana$n1
=260  \\$c1969
=300  \\$a160 pages
=500  \\$aCollaborative publication of the Centre International de Documentation Antonio Vivaldi and the Cercle Vivaldi de Belgique
=505  \\$gRENAISSANCE DE VIVALDI AU XXe SIÈCLE: Rencontre de Vivaldi / Marc Pincherle -- Histoire d'une Résurrection / Roland de Candé -- Chronologie des principaux événements vivaldiens au XXe siècle / Jean-Pierre Demoulin -- CONNAISSANCE DE VIVALDI ET SES SOURCES: Le Collezioni Foà e Giordano della Biblioteca Nazionale di Torino / Gabrielle Gentili Verona -- Über Charakter und Geschichte der Dresdner Vivaldi-Manuskripte / Rudolf Eller -- À propos de l'inventaire des œuvres d'A. Vivaldi... découverte de 45 manuscrits inconnues / Peter Ryom -- DOCUMENTS: Pedigree of A. L. Vivaldi / E. Paul -- Fac simile et traductions de cinq nouvelles lettres de Vivaldi à Bentivoglio (Ferrara) -- Fac simile d'un reçu de la main de Vivaldi, et daté du « 28 Giugno 1741, Vienna » (Brno) -- Un « Salve Regina » inconnu, pour soprano, violon solo, cordes et orgue (Brno) -- Indice Thématique « pro memoria » autographe (Torino) -- LIVRES-DISQUES-PARTITIONS -- CHRONIQUES
=648  \0$a17th Century (1601-1700)$1http://www.wikidata.org/entity/Q7016$920923
=648  \0$a18th Century (1701-1800)$1http://www.wikidata.org/entity/Q7015$920899
=648  \0$a20th Century (1901-2000)$1http://www.wikidata.org/entity/Q6927$920936
=650  \0$aComposer$1http://www.wikidata.org/entity/Q36834$93625
=650  \0$aLegacy$1http://www.wikidata.org/entity/Q623282$922131
=651  \0$aBelgium$1http://www.wikidata.org/entity/Q31$920881
=651  \0$aItaly$1http://www.wikidata.org/entity/Q38$922
=942  \\$cBOO
=952  \\$00$10$2ddc$40$6BIO_VIVA_E$70$8BIO$912357$aORPH$bORPH$cKTS1_P$d2020-07-08$eKoopman$i33B24$l1$oBIO VIVA e$p20122755$r2023-06-19 00:00:00$s2023-05-30$w2021-01-12$yBOO$OKoopman
=999  \\$d12374

