=LDR  01553aab a2200277   4500
=001  12375
=008  231205s1983\\\\gw\af|||\||||\00|\0\ger\d
=020  \\$a3775519835
=041  \\$ager
=110  2\$aGutenberg-Gesellschaft (Mainz, Germany)$1http://www.wikidata.org/entity/Q1557149$4edt$926788
=245  \\$aGutenberg Jahrbuch. 1983
=260  \\$c1983$aDarmstadt$bRoether
=300  \\$a275 pages
=490  \\$aGutenberg-Jahrbuch$vVol. 58
=500  \\$aBesides the contributions to the Gutenberg Symposion Mainz 1981, this book also contains a section on music printing : Probleme des Musiknotendrucks, with articles by Anik Devries, Rosemary Hilmar, Helmut Rösing and Joachim Schlichte.
=590  \\$aGutenberg-Symposion in der Johannes Gutenberg-Universität in Mainz vom 12.-14. Oktober 1981.

=600  \0$aGutenberg, Johannes$dc. 1400-1468$1http://www.wikidata.org/entity/Q8958$926791
=650  \0$aBibliophilia$1http://www.wikidata.org/entity/Q214719$921630
=650  \0$aPrinting$1http://www.wikidata.org/entity/Q11034$921936
=650  \0$aMusic printing$1http://www.wikidata.org/entity/Q64416036$94007
=650  \0$aIncunable$1http://www.wikidata.org/entity/Q216665$93964
=700  \\$aKoppitz, Hans-Joachim$4edt$926789
=710  \\$aJohannes Gutenberg-Universität (Mainz, Germany)$1https://www.wikidata.org/wiki/Q161982$926792
=942  \\$cBOO
=952  \\$00$10$2ddc$40$6BIB_2_000000000000000_GUTE$70$8BIB$912358$aORPH$bORPH$cKTS0$d2020-07-08$eKoopman$i33B25$l0$oBIB2 GUTE$p20122754$r2021-01-12 00:00:00$w2021-01-12$yBOO$OKoopman
=999  \\$d12375

