=LDR  01947cam a22003734a 4500
=001  12377
=005  20251003085459.0
=008  040514s2004\\\\gw\ao\\\\bc\\\000\0\ger\|
=041  \\$ager
=245  00$aGrenzenlos. Geschichte der Menschen am Inn.$bKatalog zur ersten Bayerisch-Oberösterreichischen Landesausstellung 2004 : Asbach, Passau, Reichersberg, Schärding
=246  3\$aGrenzen los
=260  \\$aRegensburg$bPustet$c2004
=300  \\$a506 pages$billustrations (some color)$c30 cm
=504  \\$aIncludes bibliographical references.
=610  \0$aMuseum Kloster Asbach$1http://www.wikidata.org/entity/Q76629390$940025
=610  \0$aOberhausmuseum Passau (Germany)$1http://www.wikidata.org/entity/Q2009806$940027
=610  \0$aStift Reichersberg (Austria)$1http://www.wikidata.org/entity/Q2348639$940028
=650  \0$aCatalogue$1http://www.wikidata.org/entity/Q2352616$1http://www.wikidata.org/entity/Q6941730$921484
=650  \0$aExhibition$1http://www.wikidata.org/entity/Q464980$925353
=650  \0$aCultural history$1http://www.wikidata.org/entity/Q858517$922395
=650  \0$aHistory$1http://www.wikidata.org/entity/Q309$921403
=651  \0$aInn District (Switzerland)$9226
=651  \0$aBavaria (Germany)$1http://www.wikidata.org/entity/Q980$9228
=651  \0$aAustria$1http://www.wikidata.org/entity/Q40$9202
=651  \0$aAsbach (Germany)$940029
=651  \0$aPassau (Germany)$1http://www.wikidata.org/entity/Q4190$922171
=651  \0$aSchärding (Austria)$1http://www.wikidata.org/entity/Q255012$940030
=651  \0$aReichersberg (Austria)$1http://www.wikidata.org/entity/Q667387$940031
=700  \\$aBoshof, Egon$4edt$914922
=700  \\$aBrunner, Max$d-1951$914923$4edt
=700  \\$aVavra, Elisabeth$4edt$914924
=942  \\$cBOO
=952  \\$00$10$2ddc$40$6TOP_DE_BAV$70$8TOP$912360$aORPH$bORPH$cKTS0$d2020-07-08$eKoopman$i33B28$l0$oTOP DE.BAV$p20122751$r2021-01-12 00:00:00$w2021-01-12$yBOO$OKoopman
=999  \\$d12377

