=LDR  02198cam a2200361 a 4500
=001  12380
=005  20250820130328.0
=008  830224s1981\\\\gw\acg\\\b\\\\010\0\ger\\
=020  \\$a3775106375
=040  \\$aOI
=041  0\$ager
=100  \\$4dte$aGrusnick, Bruno$d1900-1992$914925
=245  00$aFestschrift für Bruno Grusnick zum 80. Geburtstag
=260  \\$aNeuhausen-Stuttgart$bHänssler$c1981
=300  \\$a199 pages$billustrations, music, portrait$c24 cm
=504  \\$aIncludes bibliographical references.
=505  \\$gEin bemerkenswertes Gesangbuch aus dem Jahre 1700 / W. Blankenburg -- Die Dübensammlung in der Musikforschung / Davidson -- Zum Verhältnis von Sprache und Vertonung in der Geistlichen Chormusik von Heinrich Schütz / K. Gudewill -- Buxtehude und die Neuordnung der Abendmusiken / G. Kärstadt -- Buxtehude und Das Jüngste Gericht: A New Look at an Old Problem / K. J. Snyder -- Die Herausgabe von Buxtehudes Werken: Geschichte, Beurtelung, Pläne / S. Sörensen
=600  \0$aSchütz, Heinrich$d1585-1672$1http://www.wikidata.org/entity/Q153643$97240
=600  \0$aBuxtehude, Dietrich$d1637-1707$1http://www.wikidata.org/entity/Q153637$910062
=610  \0$aDüben collection (Uppsala, Sweden)$1http://www.wikidata.org/entity/Q947393$939309
=610  \0$aMarienkirche (Lübeck, Germany)$1http://www.wikidata.org/entity/Q695065$91740
=648  \0$a17th Century (1601-1700)$1http://www.wikidata.org/entity/Q7016$920923
=650  \0$aMusic history$1http://www.wikidata.org/entity/Q846047$921373
=650  \0$aComposer$1http://www.wikidata.org/entity/Q36834$93625
=650  \0$aManuscript$1http://www.wikidata.org/entity/Q87167$92275
=650  \0$aLibrary$1http://www.wikidata.org/entity/Q7075$94229
=650  \0$aAbendmusik$1http://www.wikidata.org/entity/Q318973$926413
=651  \0$aLübeck (Germany)$1http://www.wikidata.org/entity/Q2843$9125
=700  \\$aSaltzwedel, Rolf$4edt$914926
=700  \\$aKoch, Klaus-Dietrich$4edt$914927
=942  \\$cBOO
=952  \\$00$10$2ddc$40$6REF_4_000000000000000_GRUS$70$8REF$912363$aORPH$bORPH$cKM12_1$d2020-07-08$eKoopman$i33C25$l1$oREF4 GRUS$p20123000$r2025-09-30 12:10:38$s2025-09-10$w2021-01-12$yBOO
=999  \\$d12380

