=LDR  01203nam a22002657i 4500
=001  12383
=003  OI
=005  20250925143300.0
=008  051011s2004\\\\xxk||||||\\\\|||||\|||||c
=040  \\$bOI
=041  \7$aeng
=100  \\$aBodin, Thierry$4aut$927354
=245  00$aIn memoriam Albi Rosenthal 5.10.1914 - 3.8.2004:$bA Catalogue Presented as a Tribute in Gratitude
=260  \\$aOxford$bs.n.$c2004
=300  \\$a100 pages$billustrations, music$c24 cm
=500  \\$aPublished on the occasion of the Albi Rosenthal Memorial Concert, London, Wigmore Hall, 5 November 2004.
=648  \0$a20th Century (1901-2000)$1http://www.wikidata.org/entity/Q6927$920936
=650  \0$aMusicologist$1http://www.wikidata.org/entity/Q14915627$92342
=650  \0$aAntiquarianism$1http://www.wikidata.org/entity/Q56418598$93233
=651  \0$aGermany$1http://www.wikidata.org/entity/Q183$9155
=651  \0$aUnited Kingdom$1http://www.wikidata.org/entity/Q21$9273
=700  \\$aRosenthal, Albi$d1914-2004$4dte$913639
=942  \\$cBOO
=952  \\$00$10$2ddc$40$6BIO_ROSE1_C$70$8BIO$912366$aORPH$bORPH$cKTS1_P$d2020-07-08$eKoopman$i33C37$l0$oBIO ROSE1 c$p20122989$r2021-01-12 00:00:00$w2021-01-12$yBOO$OKoopman
=999  \\$d12383

