=LDR  02152cam a2200325 a 4500
=001  12385
=005  20250121142129.0
=008  020628s2002\\\\gw\ag\\\\b\\\\101\0\ger\c
=010  \\$a  2002487974
=020  \\$a3795210909
=040  \\$aOI
=041  0\$ager
=245  10$aInternationales Musikwissenschaftliches Symposium "Haydn & das Clavier" :$bim Rahmen der Internationalen Haydntage Eisenstadt, 13.-15. September 2000. Referate und Diskussionen
=246  30$aHaydn & das Clavier
=246  30$aHaydn und das Clavier
=260  \\$aTutzing$bSchneider$c2002
=300  \\$a193 pages$bill., music$c25 cm
=490  1\$aEisenstädter Haydn-Berichte : Veröffentlichungen der Internationalen Joseph Haydn Privatstiftung Eisenstadt$v1
=504  \\$aIncludes bibliographical references and index.
=505  0\$aJoseph Haydn und das Clavier : eine subjektive Einführung / László Somfai -- Haydns Klaviersonaten : Aspekte der ästhetischen Rezeptionsgeschichte / Harold Haslmayr -- Die Klaviertrios von Haydn zwischen denen von Mozart und Beethoven : rückständig oder progressiv? / Jürgen Brauner -- Eingriffe des Verlegers in Haydns Bearbeitungen schottischer Lieder / Marjorie E. Rycroft -- Clavierbau und Clavierhandel in Wien zur Zeit Joseph Haydns / Otto Biba -- Josef Mertin (1904-1998) und seine Bemühungen um Klavierinstrumente aus dem Umkreis von Joseph Haydn / Ingomar Rainer -- Der Improvisationsstil in Haydns Klaviermusik / James Webster -- Der Moll-Dur-Dualismus in Haydns Klaviermusik / Georg Feder.
=546  \\$aOne contribution in English.
=600  \0$aHaydn, Joseph$d1732-1809$1http://www.wikidata.org/entity/Q7349$94783
=648  \0$a18th Century (1701-1800)$1http://www.wikidata.org/entity/Q7015$920899
=650  \0$aKeyboard instrument$1http://www.wikidata.org/entity/Q52954$92849
=650  \0$aComposer$1http://www.wikidata.org/entity/Q36834$93625
=700  \\$aFeder, Georg$4edt$914931
=700  \\$aReicher, Walter$4edt$914932
=942  \\$cBOO
=952  \\$00$10$2ddc$40$6BIO_HAYD1_E$70$8BIO$912368$aORPH$bORPH$cKTS1_P$d2020-07-08$eKoopman$i33C38$oBIO HAYD1 e$p20122987$r2021-01-12 00:00:00$w2021-01-12$yBOO
=999  \\$d12385

