=LDR  01388aam a2200253   4500
=001  12387
=005  20250925143748.0
=008  240516s1977\\\\||||||||\||||\00|\0ddut\d
=041  \\$adut
=100  \\$aKoopman, Ton$d1944-$1https://orcid.org/0009-0005-0297-0216$1http://www.wikidata.org/entity/Q445121$4aut$910491
=245  \\$aJan Pieterszoon Sweelinck:$bde klavier- en orgelwerken
=260  \\$aNetherlands$bHarlekijn Holland$c1977
=500  \\$aCompanion to the recordings issued on the same label, 2925 527, 2925 533, 2925 531, and 2925 534
=600  \0$aSweelinck, Jan Pieterszoon$d1562-1621$1http://www.wikidata.org/entity/Q110294$911454
=648  \0$a16th Century (1501-1600)$1http://www.wikidata.org/entity/Q7017$920944
=648  \0$a17th Century (1601-1700)$1http://www.wikidata.org/entity/Q7016$920923
=650  \0$aKeyboard music$1http://www.wikidata.org/entity/Q105715630$921412
=650  \0$aHarpsichord$1http://www.wikidata.org/entity/Q81982$92125
=650  \0$aVirginal$1http://www.wikidata.org/entity/Q922337$923762
=650  \0$aOrgan music$1http://www.wikidata.org/entity/Q116958279$91951
=651  \0$aAmsterdam (Netherlands)$1http://www.wikidata.org/entity/Q727$9135
=942  \\$cBOO
=952  \\$00$10$2ddc$40$6BIO_SWEE1_F$70$8BIO$912370$aORPH$bORPH$cKTS1_P$d2020-07-08$eKoopman$i33D03$l0$oBIO SWEE1 f$p20145742$r2021-01-12 00:00:00$w2021-01-12$yBOO$OKoopman
=999  \\$d12387

