=LDR  00993cam a22002534a 4500
=001  12390
=005  20250120115956.0
=008  050127s2004\\\\ne\a\\\\\b\\\\010\0dmul\\
=020  \\$a9065507760
=040  \\$aOI
=041  0\$adut$aeng
=100  \\$4dte$aVellekoop, Kees$d1940-2002$1http://www.wikidata.org/entity/Q16912253$914938
=245  00$aMeer dan muziek alleen.$bIn memoriam Kees Vellekoop
=260  \\$aHilversum$bVerloren$c2004
=300  \\$a375 pages$bill.$c23 cm.
=490  1\$aUtrechtse bijdragen tot de mediëvistiek$v20
=504  \\$aIncludes bibliographical references.
=546  \\$aChiefly in Dutch; some contributions in English.
=650  \0$aMusic$92062
=650  \0$aMusic history$1http://www.wikidata.org/entity/Q846047$921373
=700  \\$aStuip, R. E. V.$4edt$914939
=942  \\$cBOO
=952  \\$00$10$2ddc$40$6REF_4_000000000000000_VELL$70$8REF$912373$aORPH$bORPH$cKM12_1$d2020-07-08$eKoopman$i33D21$oREF4 VELL$p20122728$r2021-01-12 00:00:00$w2021-01-12$yBOO
=999  \\$d12390

