=LDR  01125    a2200265   4500
=001  12396
=008  220506s1999\\\\dk\f||||\||||\00|\0\dan\d
=020  \\$a8778738305
=041  \\$adan$ager
=100  \\$4aut$aVarious$94793
=245  \\$aOrglet I Sct. Mariae Kirke I Helsingør et Festschrift.
=246  \1$aDie Orgel in der St. Marien-Kirche zu Helsingør - eine Festschrift
=260  \\$c1997$aHelsingør
=300  \\$a144 pages
=336  \\$aprinted
=610  \0$aSct. Mariæ kirke (Helsingør, Denmark)$1http://www.wikidata.org/entity/Q91549578$924094
=650  \0$aOrgan$1http://www.wikidata.org/entity/Q1444$92810
=650  \0$aOrganology$1http://www.wikidata.org/entity/Q899293$921400
=651  \0$aHelsingør (Denmark)$1http://www.wikidata.org/entity/Q26881$9126
=700  \\$4ctb$aEdskes, Cornelius H.$910670
=700  \\$4ctb$aNørfelt, Henrik Fibiger$924093
=700  \\$4ctb$aBelotti, Michael$922913
=942  \\$cBOO
=952  \\$00$10$2ddc$40$6INS_3_000000000000000_1E_DK_HEL$70$8INS$912379$aORPH$bORPH$cKTS0$d2020-07-08$eKoopman$i33E03$oINS3.1e DK.HEL$p20122984$r2021-01-12 00:00:00$w2021-01-12$yBOO
=999  \\$d12396

