=LDR  00339    a2200097   4500
=001  12397
=245  \\$aJohann, Carl und Anton Stamitz
=260  \\$c1973
=942  \\$cBOO
=952  \\$00$10$2ddc$40$6BIO_STAM0_C$70$8BIO$912380$aORPH$bORPH$cKTS1_P$d2020-07-08$eKoopman$i33E10$l0$oBIO STAM0 c$p20122979$r2021-01-12 00:00:00$w2021-01-12$yBOO$OKoopman
=999  \\$c12397$d12397

