=LDR  00923aam a2200205   4500
=001  12401
=005  20250925143300.0
=008  250902i19931994||||||||\||||\00|\0\dut\d
=041  \\$adut
=245  \\$a150 jaar Volks-, Kunst-, Kinder-
=260  \\$as.l.$bPieter Vis$c1993
=648  \0$a19th Century (1801-1900)$1http://www.wikidata.org/entity/Q6955$920935
=648  \0$a20th Century (1901-2000)$1http://www.wikidata.org/entity/Q6927$920936
=650  \0$aFolklore$1http://www.wikidata.org/entity/Q36192$94595
=650  \0$aSong$1http://www.wikidata.org/entity/Q7366$94164
=650  \0$aChild$1http://www.wikidata.org/entity/Q7569$92175
=651  \0$aUtrecht (Netherlands)$1http://www.wikidata.org/entity/Q803$9141
=942  \\$cBOO
=952  \\$00$10$2ddc$40$6TOP_NL_UTR_6_000000000000000$70$8TOP$912384$aORPH$bORPH$cKTS0$d2020-07-08$eKoopman$i33E43$l0$oTOP NL.UTR 6$p20120946$r2021-01-12 00:00:00$w2021-01-12$yBOO$OKoopman
=999  \\$d12401

