=LDR  01129    a2200229   4500
=001  12402
=008  211119s1965\\\\\\\|||||\||||\00|\m\dut\d
=041  \\$adut
=100  \\$4aut$aVriesland, V. E. van$922959
=245  \\$aSpiegel van de Nederlandse poëzie I:$bvan Heinric van Veldeke tot en met Willem Bilderdijk
=260  \\$aAmsterdam$bMeulenhoff$c1965
=561  \\$aOriginally published in 1939
=648  \0$aMiddle Ages (500-1400)$1http://www.wikidata.org/entity/Q12554$920964
=648  \0$aRenaissance (1400-1600)$1http://www.wikidata.org/entity/Q4692$920965
=648  \0$a17th Century (1601-1700)$1http://www.wikidata.org/entity/Q7016$920923
=648  \0$a18th Century (1701-1800)$1http://www.wikidata.org/entity/Q7015$920899
=650  \0$aLiterature$1http://www.wikidata.org/entity/Q8242$94439
=651  \0$aFlanders (Belgium)$1http://www.wikidata.org/entity/Q234$989
=651  \0$aNetherlands$1http://www.wikidata.org/entity/Q55$9173
=942  \\$cBOO
=952  \\$00$10$2ddc$40$6LIT_VRIE_A$70$8LIT$912385$aORPH$bORPH$cKM12_2_H$d2020-07-08$eKoopman$i33E45$oLIT VRIE a$p20120944$r2021-01-12 00:00:00$w2021-01-12$yBOO
=999  \\$d12402

