=LDR  00756aam a2200181   4500
=001  12403
=008  230324s1997\\\\||||||||\||||\00|\0\ger\d
=041  \\$ager
=100  \\$4edt$925934$aBüter, F.
=245  \\$aBibliothek der Hansestadt Lübeck:$bBibliotheksführer zum 375jährigen Jubiläum
=260  \\$aLübeck$c1997
=300  \\$a117 pages
=610  \0$aBibliothek der Hansestadt Lübeck (Germany)$91314
=650  \0$aLibrary$1http://www.wikidata.org/entity/Q7075$94229
=651  \0$aLübeck (Germany)$1http://www.wikidata.org/entity/Q2843$9125
=942  \\$cBOO
=952  \\$00$10$2ddc$40$6BIB_4_000000000000000_DE_LUB$70$8BIB$912386$aORPH$bORPH$cKTS0$d2020-07-08$eKoopman$i33E46$l0$oBIB4 DE.LUB$p20120943$r2021-01-12 00:00:00$w2021-01-12$yBOO$OKoopman
=999  \\$d12403

