=LDR  00350    a2200109   4500
=001  12407
=020  \\$a9080169935
=245  \\$aHaydn herboren
=260  \\$c2004
=942  \\$cBOO
=952  \\$00$10$2ddc$40$6BIO_HAYD1_E$70$8BIO$912390$aORPH$bORPH$cKTS1_P$d2020-07-08$eKoopman$i33F14$l0$oBIO HAYD1 e$p20120903$r2021-01-12 00:00:00$w2021-01-12$yBOO$OKoopman
=999  \\$c12407$d12407

