=LDR  00355    a2200109   4500
=001  12411
=020  \\$a3890072240
=245  \\$aMusikalische Ikonographie
=260  \\$c1994
=942  \\$cBOO
=952  \\$00$10$2ddc$40$6VIS_HECK$70$8VIS$912394$aORPH$bORPH$cKTS1_H$d2020-07-08$eKoopman$i33F25$l0$oVIS HECK$p20120893$r2021-01-12 00:00:00$w2021-01-12$yBOO$OKoopman
=999  \\$c12411$d12411

