=LDR  00590    a2200145   4500
=001  12414
=008  241125s2003\\\\||||||||\||||\00|\0\ger\d
=245  \\$aHeimatbuch Brunnenthal
=260  \\$c2003$aBrunnenthal$bGemeindeamt Brunnenthal
=300  \\$a252 pages
=650  \0$aHistory$1http://www.wikidata.org/entity/Q309$921403
=651  \0$aBrunnenthal (Austria)$1http://www.wikidata.org/entity/Q685070$939233
=942  \\$cBOO
=952  \\$00$10$2ddc$40$6TOP_AT_BRU$70$8TOP$912397$aORPH$bORPH$cKTS0$d2020-07-08$eKoopman$i33F33$l0$oTOP AT.BRU$p20120885$r2021-01-12 00:00:00$w2021-01-12$yBOO$OKoopman
=999  \\$d12414

