=LDR  01084aam a2200217   4500
=001  12417
=008  240603s1990\\\\||||||||\||||\00|\0bdut\d
=020  \\$a9070534150
=041  \\$adut
=245  \\$aJohan de Brune de Oude (1588-1658):$been Zeeuws literator en staatsman uit de zeventiende eeuw
=260  \\$aMiddelburg$bKoninklijk Zeeuwsch Genootschap der Wetenschappen$c1990
=490  \\$aWerken uitgegeven door het Koninklijk Zeeuwsch Genootschap der Wetenschappen$v6
=600  \0$aBrune, Johan de$d1588-1658$96830
=648  \0$a17th Century (1601-1700)$1http://www.wikidata.org/entity/Q7016$920923
=650  \0$aWriter$1http://www.wikidata.org/entity/Q36180$93885
=650  \0$aPolitics$1http://www.wikidata.org/entity/Q7163$921826
=650  \0$aBiography$1http://www.wikidata.org/entity/Q36279$91927
=651  \0$aZeeland (Netherlands)$1http://www.wikidata.org/entity/Q705$922789
=942  \\$cBOO
=952  \\$00$10$2ddc$40$6BIO_BRUN_E$70$8BIO$912400$aORPH$bORPH$cKTS1_P$d2020-07-08$eKoopman$i33G17$l0$oBIO BRUN e$p20122689$r2021-01-12 00:00:00$w2021-01-12$yTYPE_UNK$OKoopman
=999  \\$d12417

