=LDR  00988aam a2200205   4500
=001  12418
=008  230213s1957\\\\|||ago||\||||\001\0dger\d
=041  \\$ager
=245  \\$aMusikgeschichte von Spanien, Portugal, Lateinamerika
=260  \\$aZürich$aStuttgart$bPan-Verlag$c1957
=300  \\$a312 pages 30 plates
=650  \0$aMusic history$1http://www.wikidata.org/entity/Q846047$921373
=651  \0$aSpain$1http://www.wikidata.org/entity/Q29$920983
=651  \0$aPortugal$1http://www.wikidata.org/entity/Q45$9136
=651  \0$aSouth America$1http://www.wikidata.org/entity/Q1$922373
=700  \\$4aut$aSubirá, José$d1882-1980$1http://www.wikidata.org/entity/Q5945670$914299
=700  \\$aCherbuliez, Antoine-Élisée$d1888-1964$1http://www.wikidata.org/entity/Q17197972$4aut$925741
=942  \\$cBOO
=952  \\$00$10$2ddc$40$6TOP_ES_0_000000000000000$70$8TOP$912401$aORPH$bORPH$cKTS0$d2020-07-08$eKoopman$i33G20$l0$oTOP ES 0$p20122691$r2021-01-12 00:00:00$w2021-01-12$yBOO$OKoopman
=999  \\$d12418

