=LDR  03157cam a2200325 a 4500
=001  12420
=005  20250920143617.0
=008  940628s1994\\\\gw\ag\\\\b\\\\100\0dger\\
=010  \\$a   95118111 
=020  \\$a3890072992
=040  \\$aOI
=041  \\$ager
=100  \\$aMarx, Hans Joachim$d1935-$1http://www.wikidata.org/entity/Q18625182$4edt$912635
=245  10$aZur Dramaturgie der Barockoper.$bBericht über die Symposien der Internationalen Händel-Akademie Karlsruhe, 1992 und 1993
=260  \\$aLaaber$bLaaber-Verlag$c1994
=300  \\$a230 pages$bill., music ;$c25 cm.
=490  \\$aVeröffentlichungen der Internationalen Händel-Akademie Karlsruhe$v5
=504  \\$aIncludes bibliographical references.
=520  \\$aInhalt
Vorwort
Programm der Händel-Symposien 1992 und 1993

Händels Opernlibretti und die Tradition des Barocktheaters
Hans Joachim Marx
Zur Einführung.
Albert Gier
Imaginierte Vergangenheiten.
Stoffliche Vielfalt und einheitliche Gestaltung in Händels Opern.

Reinhard Strohm
Händel-Oper und Regeldrama.

Hans Dieter Clausen
Der Einfluß der Komponisten auf die Librettowahl der Royal Academy of Music (1720-1729).

Klaus Hortschansky
Georg Friedrich Händels Libretti zwischen Barockpessimismus und Aufklärungsoptimismus.
Zur Anatomie des Todes bzw. Schreckens.

Händels Opernlibretti im Verständnis der Gegenwart.
Imre Fabian
Zur Einführung.
Ellen Kohlhaas
Prima la musica, poi le parole oder Händel zwischen Wort und Ton.
Diskussion.

Stephan Stompor
Die Libretti zu Opern Händels aus der Sicht des Musiktheaters.
Diskussion.

Terence Best
Die Händel-Szene unserer Zeit.

Wolfgang Ludewig
Die Oper - eine Schau der Welt.
Diskussion.

Musikalische Szenengestaltung in der Oper von Monteverdi bis Händel
Hans Joachim Marx
Zur Einführung.
Jürgen Schläder
Die dramatische Exposition in den Opern des 17. und 18. Jahrhunderts.

Siegfried Schmalzried
Fabel und Drama. Zur musikalischen Szenengestaltung in den Opern Claudio Monteverdis.

Winton Dean
Die Opernszene von Monteverdi bis Händel.

Angela Romagnoli
Händel und die italienische Tradition der scene di prigione.

Norbert Dubowy
Die Szene als Bauelement. Strategien der Szenenkomposition in der italienischen Oper des ausgehenden 17. Jahrhunderts.
=600  \0$aHandel, George Frideric$d1685-1759$1http://www.wikidata.org/entity/Q7302$94765
=600  \0$aHandel, George Frideric$d1685-1759$1http://www.wikidata.org/entity/Q7302$94765
=648  \0$a18th Century (1701-1800)$1http://www.wikidata.org/entity/Q7015$920899
=650  \0$aLibretto$1http://www.wikidata.org/entity/Q131084$94031
=650  \0$aOpera$1http://www.wikidata.org/entity/Q1344$92468
=650  \0$aDramaturgy$1http://www.wikidata.org/entity/Q492537$927243
=710  \\$aInternationale Händel-Akademie Karlsruhe (Germany)$91462
=942  \\$cBOO
=952  \\$00$10$2ddc$40$6GEN_16_000000000000000$70$8GEN$912403$aORPH$bORPH$cKM12_1$d2020-07-08$eKoopman$i33G29$l0$oGEN16$p20122680$r2021-01-12 00:00:00$w2021-01-12$yBOO
=952  \\$00$10$2ddc$40$6BIO_HAND_E$70$8BIO$919906$aORPH$bORPH$cKTS1_P$g9.00$oBIO HAND e$p20130240$r2021-01-12 00:00:00$w2021-01-12$yBOO$d2020-07-08
=999  \\$d12420

