=LDR  01215aam a2200253   4500
=001  12421
=008  250528s2005\\\\||||||||\||||\00|\0bdut\d
=020  \\$a9789070024871
=041  \\$adut
=245  \\$aMozart en Nederland 250 jaar na dato
=260  \\$c2005
=600  \0$aMozart, Wolfgang Amadeus$d1756-1791$1http://www.wikidata.org/entity/Q254$95341
=610  \0$aMozart family$1http://www.wikidata.org/entity/Q18574758$922340
=648  \0$a18th Century (1701-1800)$1http://www.wikidata.org/entity/Q7015$920899
=650  \0$aComposer$1http://www.wikidata.org/entity/Q36834$93625
=650  \0$aChild prodigy$1http://www.wikidata.org/entity/Q205178$923988
=650  \0$aBiography$1http://www.wikidata.org/entity/Q36279$91927
=650  \0$aTravel$1http://www.wikidata.org/entity/Q61509$94440
=651  \0$aNetherlands$1http://www.wikidata.org/entity/Q55$1http://www.wikidata.org/entity/Q29999$9173
=700  \\$aPeddemors, A.$4edt$940298
=700  \\$aSamama, Leo$1http://www.wikidata.org/entity/Q2986090$4edt$913763
=942  \\$cBOO
=952  \\$00$10$2ddc$40$6BIO_MOZA0_E$70$8BIO$912404$aORPH$bORPH$cKTS1_P$d2020-07-08$eKoopman$i33G45$oBIO MOZA0 e$p20122663$r2021-01-12 00:00:00$w2021-01-12$yBOO$OKoopman
=999  \\$d12421

