=LDR  01308cam a22002654a 4500
=001  12422
=005  20250926134856.0
=008  041210s2004\\\\gw\a\\\\\b\\\\011\0\ger\\
=020  \\$a3765103748
=040  \\$aOI
=245  00$aVom Klang der Zeit :$bBesetzung, Bearbeitung und Aufführungspraxis bei Johann Sebastian Bach : Klaus Hofmann zum 65. Geburtstag /$cherausgegeben von Ulrich Bartels und Uwe Wolf.
=260  \\$aWiesbaden :$bBreitkopf & Härtel,$cc2004.
=300  \\$a199 p. :$bill. ;$c24 cm.
=504  \\$aIncludes bibliographical references and index.
=600  \0$aBach, Johann Sebastian$d1685-1750$1http://www.wikidata.org/entity/Q1339$94766
=650  \0$aOrchestration$1http://www.wikidata.org/entity/Q3367000$921045
=650  \0$aArrangement$1http://www.wikidata.org/entity/Q379755$94282
=650  \0$aHistorically informed performance$1http://www.wikidata.org/entity/Q1344860$920980
=700  \\$aHofmann, Klaus$d-1939$914950
=700  \\$aBartels, Ulrich$d-1965$914951
=700  \\$aWolf, Uwe$d-1961$99280
=942  \\$cBOO
=952  \\$00$10$40$6BIO_BACH1_E$70$8BIO$912405$aORPH$bORPH$cKTS1_P$d2020-07-08$eKoopman$i34A13$oBIO BACH1 e$p20122646$r2021-01-12 00:00:00$w2021-01-12$yBOO$OKoopman
=999  \\$c12422$d12422
=648  \0$a18th Century (1701-1800)$1http://www.wikidata.org/entity/Q7015$920899

