=LDR  00748    a2200193   4500
=001  12423
=008  210817t2000\\\\||||||||\||||\01|\0\mul\d
=020  \\$a3980639320
=041  \\$ager$aeng
=100  \\$aMusch, Hans$d-1935$4dte$1http://www.wikidata.org/entity/Q1581416$912923
=245  \\$aMusicus Doctus.$bFestschrift Hans Musch zum 65. Geburtstag
=260  \\$c2000$aFreiburg$bFreiburger Musik Forum
=300  \\$a224 pages
=700  \\$4edt$aJohannsen, Kay$922045
=700  \\$4edt$aKoch, Georg$922046
=700  \\$4edt$aRommelspacher, Stephan$922047
=942  \\$cBOO
=952  \\$00$10$2ddc$40$6REF_4_000000000000000_MUSC$70$8REF$912406$aORPH$bORPH$cKM12_1$d2020-07-08$eKoopman$i34A35$oREF4 MUSC$p20122627$r2021-01-12 00:00:00$w2021-01-12$yBOO
=999  \\$d12423

