=LDR  00788aam a2200193   4500
=001  12424
=008  230217s1987\\\\||||||||\||||\00|\0deng\d
=020  \\$a0252014707
=041  \\$aeng
=245  \\$aWomen Making Music, the Western Art Tradition
=260  \\$aUrbana, IL$aChicago, IL$bUniversity of Illinois Press$c1987
=648  \0$aPast$1http://www.wikidata.org/entity/Q192630$922196
=650  \0$aMusic history$1http://www.wikidata.org/entity/Q846047$921373
=650  \0$aFemale$1http://www.wikidata.org/entity/Q6581072$921764
=700  \\$4edt$925753$aBowers, J.
=700  \\$4edt$925754$aTick, J.
=942  \\$cBOO
=952  \\$00$10$2ddc$40$6GHM_0_000000000000000$70$8GHM$912407$aORPH$bORPH$cKM12_1$d2020-07-08$eKoopman$i34A44$l0$oGHM0$p20122617$r2021-01-12 00:00:00$w2021-01-12$yBOO
=999  \\$d12424

