=LDR  00638aam a2200181   4500
=001  12425
=008  240102s1951\\\\|||o||||\||||\00|\0\dut\d
=041  \\$adut
=100  \\$aBril, Martin$4aut$926901
=245  \\$aDe steden
=260  \\$aAmsterdam$bContact$c1951
=300  \\$a156 pages
=490  \\$aDe schoonheid van ons land$vLand en volk
=651  \0$aNetherlands$1http://www.wikidata.org/entity/Q55$9173
=700  \\$aOorthuys, Cas$d1908-1975$4pht$926902
=942  \\$cBOO
=952  \\$00$10$2ddc$40$6TOP_NL$70$8TOP$912408$aORPH$bORPH$cKTS0$d2020-07-08$eKoopman$i34C08$l0$oTOP NL$p20122579$r2021-01-12 00:00:00$w2021-01-12$yBOO$OKoopman
=999  \\$d12425

