=LDR  01294aam a2200241   4500
=001  12426
=008  240102s1948\\\\|||o||||\||||\00|\0\dut\d
=041  \\$adut
=100  \\$0     
=245  \\$aDe Vlaamsche steden
=260  \\$aAmsterdam$bContact$c1948
=490  \\$aDe schoonheid van ons land$vLand en volk
=500  \\$aPhoto's by Emmy Andriesse and Cas Oorthuys
=500  \\$aPoems by  René De Clercq, Marnix Gijsen, Prosper Van Langendock, Pol De Mont and Albrecht Rodenbach
=500  \\$aTexts by Lode Baekelmans, DR. J.L. Broeckx, Raymond Brulez, André Demedts, Frits Francken, Em. Van  Hemeldonck, Albert Van Hoogenbemt, Hubert Lampo, O. Leemans, Achilles Mussche, Maurice Roelants, Herman Teirlinck, Dr Jan Vercammen and Anton Van De Velde
=650  \0$aArchitecture$1http://www.wikidata.org/entity/Q12271$93185
=650  \0$aPhotography$1http://www.wikidata.org/entity/Q11633$91982
=650  \0$aCultural history$1http://www.wikidata.org/entity/Q858517$922395
=651  \0$aFlanders (Belgium)$1http://www.wikidata.org/entity/Q234$989
=700  \\$aSibbelee, Hans$d1915-2003$4pht$926903
=942  \\$cBOO
=952  \\$00$10$2ddc$40$6TOP_BE_FLA$70$8TOP$912409$aORPH$bORPH$cKTS0$d2020-07-08$eKoopman$i34C09$l0$oTOP BE.FLA$p20122578$r2021-01-12 00:00:00$w2021-01-12$yBOO$OKoopman
=999  \\$d12426

