=LDR  00767aam a2200193   4500
=001  12427
=005  20251031163640.0
=008  251031s1980\\\\|||o||||\||||\00|\0\ita\d
=041  \\$aita
=100  \\$aBorelli, G.$4edt$941716
=245  \\$aChiese e monasteri a Verona
=260  \\$aVerona$bBanca Popolare di Verona$c1980
=650  \0$aChurch$1http://www.wikidata.org/entity/Q16970$93776
=650  \0$aMonastery$1http://www.wikidata.org/entity/Q44613$926216
=650  \0$aArchitecture$1http://www.wikidata.org/entity/Q12271$93185
=651  \0$aVerona (Italy)$1http://www.wikidata.org/entity/Q2028$921086
=942  \\$cBOO
=952  \\$00$10$2ddc$40$70$8TOP$912410$aORPH$bORPH$cKTS0$d2020-07-08$eKoopman$i34C21$l0$p20122566$r2021-01-12 00:00:00$w2021-01-12$yBOO$OKoopman
=999  \\$d12427

