=LDR  01097cam a22002294a 4500
=001  12429
=005  20250120120104.0
=008  060301s2005\\\\nl\af\\\\b\\\f001\0\dut\\
=041  \\$adut
=245  03$a's Hemels overdaad.$bDe orgels van de Nieuwe Kerk te Amsterdam
=260  \\$aZutphen$bWalburg Pers $bStichting Nederlandse Orgelmonografieën $aZeist $bRijksdienst voor de Monumentenzorg$c2005
=300  \\$a375 pages$bill. (some col.) $c25 cm
=490  \\$aNederlandse orgelmonografieën ;$v7
=504  \\$aIncludes bibliographical references (p. 367-369) and index.
=610  \0$aNieuwe Kerk (Amsterdam, Netherlands)$xOrgans.$91634
=650  \0$aOrgan$1http://www.wikidata.org/entity/Q1444$92810
=650  \0$aOrganology$1http://www.wikidata.org/entity/Q899293$921400
=651  \0$aNetherlands$1http://www.wikidata.org/entity/Q55$9173
=700  \\$aVerhoef, Henk$4edt$914953
=942  \\$cBOO
=952  \\$00$10$2ddc$40$6INS_3_000000000000000_1E_NL_AMS$70$8INS$912412$aORPH$bORPH$cKTS0$d2020-07-08$eKoopman$i30D04$l0$oINS3.1e NL.AMS$p20120868$r2021-01-12 00:00:00$w2021-01-12$yBOO$OKoopman
=999  \\$d12429

