=LDR  02286cam a2200397 a 4500
=001  12431
=005  20251003085459.0
=008  991211s1999\\\\gw\abce\\bc\\\001\0dger\d
=020  \\$a3791322257
=041  \\$ager
=110  \\$4edt$aStiftung Preussische Schlösser und Gärten Berlin-Brandenburg (Germany)$1http://www.wikidata.org/entity/Q531772$91722
=245  00$aSophie Charlotte und ihr Schloss:$bein Musenhof des Barock in Brandenburg-Preussen
=246  30$aMusenhof des Barock in Brandenburg-Preussen
=260  \\$aMunich$aNew York$bPrestel$c1999
=300  \\$a399 pages$billustrations (some color), maps, plans, portraits$c28 cm
=500  \\$aExhibition Catalog, Schloss Charlottenburg Berlin, 6.11.1999-30.2.2000
=504  \\$aIncludes bibliographical references (p. 374-389) and index.
=600  \0$aSophie Charlotte$cQueen, consort of Frederick I, King of Prussia$d1668-1705$1http://www.wikidata.org/entity/Q57674$914954
=610  \0$aSchloss Charlottenburg (Berlin, Germany)$1http://www.wikidata.org/entity/Q154996$91721
=648  \0$a17th Century (1601-1700)$1http://www.wikidata.org/entity/Q7016$920923
=650  \0$aArchitecture$1http://www.wikidata.org/entity/Q12271$93185
=650  \0$aBiography$1http://www.wikidata.org/entity/Q36279$91927
=650  \0$aInterior design$1http://www.wikidata.org/entity/Q179232$921367
=650  \0$aFine art$1http://www.wikidata.org/entity/Q219625$921579
=650  \0$aGardening$1http://www.wikidata.org/entity/Q124946$925464
=650  \0$aExhibition$1http://www.wikidata.org/entity/Q464980$925353
=650  \0$aCatalogue$1http://www.wikidata.org/entity/Q2352616$1http://www.wikidata.org/entity/Q6941730$921484
=650  \0$aCourt$922191
=650  \0$aBaroque$1http://www.wikidata.org/entity/Q37853$921255
=650  \0$aPatronage$1http://www.wikidata.org/entity/Q214092$94245
=650  \0$aMusic history$1http://www.wikidata.org/entity/Q846047$921373
=650  \0$aPhilosophy$1http://www.wikidata.org/entity/Q5891$92357
=651  \0$aPrussia (Germany)$1http://www.wikidata.org/entity/Q38872$9231
=942  \\$cBOO
=952  \\$00$10$2ddc$40$6TOP_DE_BER_5_000000000000000$70$8TOP$912414$aORPH$bORPH$cKTS0$d2020-07-08$eKoopman$i34D11$l0$oTOP DE.BER 5$p20120861$r2021-01-12 00:00:00$w2021-01-12$yBOO$OKoopman
=999  \\$d12431

