=LDR  01828cam a2200277 a 4500
=001  12432
=005  20250120120250.0
=008  851107s1985\\\\gw\agh\\\b\\\\001\0dger\\
=020  \\$a3889790097
=040  \\$aOI
=245  00$aHändel und Hamburg :$bAusstellung anlässlich des 300. Geburtstages von Georg Friedrich Händel, Staats- und Universitätsbibliothek Hamburg Carl von Ossietzky, 15. Mai bis 29. Juni 1985 /$c[herausgegeben von Hans Joachim Marx in Zusammenarbeit mit der Musiksammlung und der Handschriftenabteilung der Staats- und Universitätsbibliothek Hamburg Carl von Ossietzky, sowie dem Händel-Archiv Hamburg].
=260  \\$aHamburg :$bVerlag der Musikalienhandlung K.D. Wagner,$cc1985.
=300  \\$a179 p. :$bill., facsims., music ;$c25 cm.
=504  \\$aBibliography: p. 172-174.
=600  \0$aHandel, George Frideric$d1685-1759$1http://www.wikidata.org/entity/Q7302$94765
=650  \0$aMusic$92062
=700  \\$aMarx, Hans Joachim$d1935-$1http://www.wikidata.org/entity/Q18625182$912635
=700  \\$aHandel, George Frideric$d1685-1759$1http://www.wikidata.org/entity/Q7302$94765
=710  \\$aStaats- und Universitätsbibliothek Hamburg Carl von Ossietzky (Germany)$1http://www.wikidata.org/entity/Q2324644$91723
=710  \\$aStaats- und Universitätsbibliothek Hamburg Carl von Ossietzky (Germany)$1http://www.wikidata.org/entity/Q2324644$91723
=710  \\$aStaats- und Universitätsbibliothek Hamburg Carl von Ossietzky (Germany)$1http://www.wikidata.org/entity/Q2324644$91723
=710  \\$aHändel-Archiv Hamburg (Germany)$91726
=942  \\$cBOO
=952  \\$00$10$2ddc$40$6BIO_HAND_E$70$8BIO$912415$aORPH$bORPH$cKTS1_P$d2020-07-08$eKoopman$i34D14$oBIO HAND e$p20120857$r2021-01-12 00:00:00$w2021-01-12$yBOO$OKoopman
=999  \\$c12432$d12432
=651  \0$aGermany$1http://www.wikidata.org/entity/Q183$9155

