=LDR  01332cam a2200301 a 4500
=001  12434
=005  20250121170807.0
=008  921211s1991\\\\gw\aof|\\b\\\\001\0|eng\\
=020  \\$a3763012214
=040  \\$aOI
=041  1\$aeng$hger
=245  14$aThe Culture of the Abbey of St. Gall$bAn Overview
=260  \\$aStuttgart$aZürich$bBelser$c1991
=300  \\$a252 pages$bill. (some col.)$c30 cm
=504  \\$aIncludes bibliographical references and index.
=610  \0$aKloster St. Gallen (Switzerland)$91727
=610  \0$aBenedictines$1http://www.wikidata.org/entity/Q131132$921364
=610  \0$aAbbey of Saint Gall (Switzerland)$1http://www.wikidata.org/entity/Q155699$939524
=648  \0$aMiddle Ages (500-1400)$1http://www.wikidata.org/entity/Q12554$920964
=648  \0$aPast$1http://www.wikidata.org/entity/Q192630$922196
=650  \0$aMonastery$926216
=650  \0$aCultural history$1http://www.wikidata.org/entity/Q858517$922395
=651  \0$aSt. Gallen (Switzerland)$1http://www.wikidata.org/entity/Q25607$925620
=700  \\$aKing, James Cecil$4edt$4trl$914957
=700  \\$aVogler, Werner$d-1944$4edt$914958
=942  \\$cBOO
=952  \\$00$10$2ddc$40$6TOP_CH_SAN_3_000000000000000$70$8TOP$912417$aORPH$bORPH$cKTS0$d2020-07-08$eKoopman$i34D19$oTOP CH.SAN 3$p20120846$r2021-01-12 00:00:00$w2021-01-12$yBOO
=999  \\$d12434

