=LDR  01174aam a2200241   4500
=001  12436
=005  20250926134856.0
=008  220929s1952\\\\||||||||\||||\00|\0\ger\d
=041  \\$ager
=245  \\$a29. Deutsches Bachfest der Neuen Bachgesellschaft$bvom 5. bis 8. September 1952 in Lübeck
=260  \\$aLeipzig$bNeue Bachgesellschaft$c1952
=500  \\$aContains annotations by Konrad Amelin
=561  \\$aEx libris Konrad Ameln (stamp)
=600  \0$aBach, Johann Sebastian$d1685-1750$1http://www.wikidata.org/entity/Q1339$94766
=648  \0$a20th Century (1901-2000)$1http://www.wikidata.org/entity/Q6927$920936
=650  \0$aComposer$1http://www.wikidata.org/entity/Q36834$93625
=650  \0$aLegacy$1http://www.wikidata.org/entity/Q623282$922131
=650  \0$aEarly music$1http://www.wikidata.org/entity/Q436016$93160
=650  \0$aFestival book$1http://www.wikidata.org/entity/Q17590416$922319
=651  \0$aLübeck (Germany)$1http://www.wikidata.org/entity/Q2843$9125
=942  \\$cEPH
=952  \\$00$10$2ddc$40$6BIO_BACH1_E$70$8BIO$912419$aORPH$bORPH$cKTS1_P$d2020-07-08$eKoopman$i35A01$oBIO BACH1 e$p20122556$r2021-01-12 00:00:00$w2021-01-12$yEPH$OKoopman
=999  \\$d12436

