=LDR  01051aam a2200217   4500
=001  12437
=005  20250926134856.0
=008  220929s1957\\\\||||||||\||||\00|\0\ger\d
=041  \\$ager
=245  \\$a34. Deutsches Bachfest in Eisenach$bvom 28. Juni bis 2. Juli 1957
=260  \\$aLeipzig$bNeue Bachgesellschaft$c1957
=600  \0$aBach, Johann Sebastian$d1685-1750$1http://www.wikidata.org/entity/Q1339$94766
=648  \0$a20th Century (1901-2000)$1http://www.wikidata.org/entity/Q6927$920936
=650  \0$aComposer$1http://www.wikidata.org/entity/Q36834$93625
=650  \0$aLegacy$1http://www.wikidata.org/entity/Q623282$922131
=650  \0$aFestival book$1http://www.wikidata.org/entity/Q17590416$922319
=650  \0$aEarly music$1http://www.wikidata.org/entity/Q436016$93160
=651  \0$aEisenach (Germany)$1http://www.wikidata.org/entity/Q7070$922310
=942  \\$cBOO
=952  \\$00$10$2ddc$40$6BIO_BACH1_E$70$8BIO$912420$aORPH$bORPH$cKTS1_P$d2020-07-08$eKoopman$i35A02$oBIO BACH1 e$p20122555$r2021-01-12 00:00:00$w2021-01-12$yEPH$OKoopman
=999  \\$d12437

