=LDR  01066aam a2200217   4500
=001  12439
=005  20250926134856.0
=008  220929s1959\\\\||||||||\||||\00|\0\ger\d
=041  \\$ager
=245  \\$a36. Deutsches Bachfest in Mühlhausen in Thüringen$bvom 1. bis 5. Juli 1959
=260  \\$aLeipzig$bNeue Bachgesellschaft$c1959
=600  \0$aBach, Johann Sebastian$d1685-1750$1http://www.wikidata.org/entity/Q1339$94766
=648  \0$a20th Century (1901-2000)$1http://www.wikidata.org/entity/Q6927$920936
=650  \0$aComposer$1http://www.wikidata.org/entity/Q36834$93625
=650  \0$aLegacy$1http://www.wikidata.org/entity/Q623282$922131
=650  \0$aEarly music$1http://www.wikidata.org/entity/Q436016$93160
=650  \0$aFestival book$1http://www.wikidata.org/entity/Q17590416$922319
=651  \0$aMühlhausen (Germany)$1http://www.wikidata.org/entity/Q14925$923289
=942  \\$cEPH
=952  \\$00$10$2ddc$40$6BIO_BACH1_E$70$8BIO$912422$aORPH$bORPH$cKTS1_P$d2020-07-08$eKoopman$i35A04$oBIO BACH1 e$p20122554$r2021-01-12 00:00:00$w2021-01-12$yEPH$OKoopman
=999  \\$d12439

