=LDR  02371cam a22003494a 4500
=001  12441
=005  20250812094401.0
=008  080214s2007\\\\ne\a\\\\\b\\\\001\0\dut\\
=020  \\$a9789065509741
=040  \\$aOI
=041  \\$adut
=245  00$aHarmonisch labyrint:$bde muziek van de kosmos in de westerse wereld
=260  \\$aHilversum$bVerloren$c2007
=300  \\$a181 pages$bill. ;$c24 cm.
=504  \\$aIncludes bibliographical references (p. [173]-175) and index.
=505  \\$aM. Teeuwen: Hemelse harmonie in de vroege middeleeuwen (15-32) -- E. Vetter: Sferenharmonie en engelenkoren in de middeleeuwen (33-46) -- J. van der Helm: De harmonie der sferen in de Divina Commedia (47-60) -- W. Elders: Symbolische partituren: de notie van musica celestis in composities uit de Renaissance (61-76) -- J. Prins: Marsilio Ficino: hemelreiziger en geneesheer (77-94) -- K. Ottenheym: Harmonische proportie in de Hollandse bouwkunst van de zeventiende eeuw (95-110) -- N. Fabbri: Tweestemmig contrapunt: een zeventiende-eeuwse debat tussen Kepler en Mersenne over kosmologie en harmonie (111-130) -- J. Webster: Haydns Schöpfung en het muzikaal sublieme (131-148) -- J. Godwin: De revival van speculatieve muziek (149-166)
=600  \0$aDante Alighieri$d1265-1321$1http://www.wikidata.org/entity/Q1067$910378
=600  \0$aFicino, Marsilio$d1433-1499$1http://www.wikidata.org/entity/Q192374$922273
=648  \0$aMiddle Ages (500-1400)$1http://www.wikidata.org/entity/Q12554$920964
=648  \0$aRenaissance (1400-1600)$1http://www.wikidata.org/entity/Q4692$920965
=648  \0$a17th Century (1601-1700)$1http://www.wikidata.org/entity/Q7016$920923
=648  \0$a18th Century (1701-1800)$1http://www.wikidata.org/entity/Q7015$920899
=650  \0$aHarmony of the spheres$1http://www.wikidata.org/entity/Q1478979$92786
=650  \0$aHermeticism$1http://www.wikidata.org/entity/Q192933$94602
=650  \0$aArchitecture$1http://www.wikidata.org/entity/Q12271$93185
=651  \0$aItaly$1http://www.wikidata.org/entity/Q38$922
=651  \0$aNetherlands$1http://www.wikidata.org/entity/Q55$9173
=700  \\$aPrins, Jacomien$4edt$914959
=700  \\$aTeeuwen, Mariken$914960
=942  \\$cBOO
=952  \\$00$10$2ddc$40$6AES_PRIN$70$8AES$912424$aORPH$bORPH$cKM12_1$d2020-07-08$eKoopman$i35A14$l0$oAES PRIN$p20122543$r2021-01-12 00:00:00$w2021-01-12$yBOO
=999  \\$d12441

