=LDR  03749    a2200493   4500
=001  12442
=005  20251003085459.0
=008  211201s1980\\\\\\\|||||\||||\01|\0\eng\d
=020  \\$a0851572960
=041  \\$aeng
=100  \\$aKing, A. Hyatt$d1911-1995$4dte$913716
=245  \\$aMusic and Bibliography:$bEssays in Honour of Alec Hyatt King
=260  \\$aNew York$bSaur$bBingley$c1980
=300  \\$a256 pages
=505  \\$aMusical periodicals in 'Bourgeois Russia' / G. Abraham -- The past, present and future of the music library thematic catalogue / B. S. Brook -- Meyerbeer's Italian operas / W. Dean -- Some aspects of music publishing in nineteenth-century Berlin / R. Elvers -- Venetian baroque music in a London bookshop: The Robert Martin catalogues, 1633-50 / D. W. Krummel -- The Chapel Royal Part-books / M. Laurie -- Chélard's 'Palladium des artistes': a project for a music periodical / R. Macnutt / The early Novello octavo editions / M. Miller -- A Dresden opera-goer in 1756: Johann Christian Trömer, called 'Dre Deutsch-Franzos' / D. Paisley -- Henric Fougt, typographer extraordinary / J. A. Parkinson -- Music engraving practice in eighteenth-century London: a study of some Forster editions of Haydn and their manuscript sources / H. E. Poole / Problems in teaching the bibliography of music / B. Redfern -- Alfred Cortot as collector of music / A. Rosenthal -- The Harpsichord Music of John Blow: a first catalogue / W. Shaw -- The origins of Mozart's 'Hunt' Quartet, KV.458 / A. Tyson -- 
=600  \0$aBlow, John$d1649-1708$1http://www.wikidata.org/entity/Q311110$99684
=600  \0$aHaydn, Joseph$d1732-1809$1http://www.wikidata.org/entity/Q7349$94783
=600  \0$aMozart, Wolfgang Amadeus$d1756-1791$1http://www.wikidata.org/entity/Q254$95341
=600  \0$aMeyerbeer, Giacomo$d1791-1864$1http://www.wikidata.org/entity/Q105237$96868
=600  \0$aCortot, Alfred$d1877-1962$1http://www.wikidata.org/entity/Q116057$95836
=610  \0$aNovello & Co (London, United Kingdom)$923179
=610  \0$aChapel Royal (London, United Kingdom)$1http://www.wikidata.org/entity/Q1062692$923180
=648  \0$a17th Century (1601-1700)$1http://www.wikidata.org/entity/Q7016$920923
=648  \0$a18th Century (1701-1800)$1http://www.wikidata.org/entity/Q7015$920899
=648  \0$a19th Century (1801-1900)$1http://www.wikidata.org/entity/Q6955$920935
=650  \0$aBibliography$1http://www.wikidata.org/entity/Q134995$93965
=650  \0$aCatalogue$1http://www.wikidata.org/entity/Q2352616$921484
=650  \0$aCollecting$1http://www.wikidata.org/entity/Q208165$92117
=650  \0$aMusic printing$1http://www.wikidata.org/entity/Q64416036$94007
=650  \0$aEducation$926206
=650  \0$aPeriodical$1http://www.wikidata.org/entity/Q1002697$921106
=650  \0$aKeyboard music$1http://www.wikidata.org/entity/Q105715630$921412
=650  \0$aChoral music$1http://www.wikidata.org/entity/Q1076513$94368
=650  \0$aHarpsichord$1http://www.wikidata.org/entity/Q81982$92125
=650  \0$aString quartet$1http://www.wikidata.org/entity/Q207338$94110
=650  \0$aOpera$1http://www.wikidata.org/entity/Q1344$92468
=651  \0$aRussia$1http://www.wikidata.org/entity/Q159$921008
=651  \0$aLondon (United Kingdom)$1http://www.wikidata.org/entity/Q84$9123
=651  \0$aDresden (Germany)$1http://www.wikidata.org/entity/Q1731$947
=651  \0$aBerlin (Germany)$1http://www.wikidata.org/entity/Q64$948
=700  \\$aNeighbour, Oliver Wray$d1923-2015$1http://www.wikidata.org/entity/Q19800544$4edt$941165
=942  \\$cBOO
=952  \\$00$10$2ddc$40$6BIB_3_000000000000000_KING$70$8BIB$912425$aORPH$bORPH$cKTS0$d2020-07-08$eKoopman$i35A21$oBIB3 KING$p20122536$r2021-01-12 00:00:00$w2021-01-12$yBOO
=999  \\$d12442

