=LDR  04299cam a22005291  4500
=001  12443
=005  20250925143300.0
=008  780615s1972\\\\gw\abf\\\b\\\\000\0\ger\\
=020  \\$a3795201187 (v. 1)
=040  \\$aOI
=041  \\$ager
=245  00$aMusik in Bayern:$bÜberblick und Einzeldarstellungen
=260  \\$aTutzing$bSchneider$c1972
=300  \\$a2 vols$billustrations, 2 folded maps (inserted), plates$c23 cm
=500  \\$a1. Münster, R. und Schmid, H. Bayerische Musikgeschichte.--2. Göthel, F. Ausstellungskatalog Augsburg, Juli bis Oktober 1972
=504  \\$aIncludes bibliographical references.
=505  0\$aDie italienische Oper in München / H. Bolongaro-Crevenna -- Absolute Musik nach Wagner / K. Dorfmüller -- Richard Wagner in Bayern / M. Geck -- Frühe Mehrstimmigkeit im liturgischen Gesang und Orgelspiel / T. Göllner -- Das Musikleben des 19. Jahrhunderts außerhalb der Residenzstadt München / F. Göthel -- Das reichsstädtische Musikleben Augsburgs im 17. und 18. Jahrhundert / F. Göthel -- Die evangelischen Reichsstädte Frankens und Schwabens in der Renaissance / R. Layer -- Orlando di Lasso und die bayerische Hofkapelle / H. Leuchtmann -- Das kurfürstliche München / R. Münster -- Die Musik in den bayerischen Klöstern / R. Münster -- Die Münchner Oper von den Anfängen der Festspiele bis zur Zerstörung des Nationaltheaters / A. Ott -- Von der frühdeutschen Oper zum deutschen Singspiel / A. Ott -- Meistergesang zwischen Main und Alpen / C. Petzsch -- Spätmittelalterliche Liedkunst / C. Petzsch -- Das geistliche Spiel des Mittelalters / M. Pfaff -- Der Gregorianische Gesang / M. Pfaff -- Die katholische Kirchenmusik von der tridentinischen Reform bis zum Abschluß der Regensburger Restauration / A. Scharnagl -- Die Musikpflege an den kleineren Residenzen / A. Scharnagl -- Mozart in Bayern / E. Valentin -- Das mehrchörige Musizieren in Bayern / P. Winter -- Die Münchner Schule, Gestalten und Wege / A. Würz -- Münchner Opern- und Konzertleben im 19. Jahrhundert vor Ludwig II / A. Würz
=600  \0$aLassus, Orlandus$d1530/32-1594$1http://www.wikidata.org/entity/Q154792$96856
=600  \0$aMozart, Wolfgang Amadeus$d1756-1791$1http://www.wikidata.org/entity/Q254$95341
=600  \0$aWagner, Richard$d1813-1883$1http://www.wikidata.org/entity/Q1511$97120
=648  \0$aMiddle Ages (500-1400)$1http://www.wikidata.org/entity/Q12554$920964
=648  \0$aRenaissance (1400-1600)$1http://www.wikidata.org/entity/Q4692$920965
=648  \0$a17th Century (1601-1700)$1http://www.wikidata.org/entity/Q7016$920923
=648  \0$a18th Century (1701-1800)$1http://www.wikidata.org/entity/Q7015$920899
=648  \0$a19th Century (1801-1900)$1http://www.wikidata.org/entity/Q6955$920935
=648  \0$a20th Century (1901-2000)$1http://www.wikidata.org/entity/Q6927$920936
=650  \0$aMusic history$1http://www.wikidata.org/entity/Q846047$921373
=650  \0$aOpera$1http://www.wikidata.org/entity/Q1344$92468
=650  \0$aChurch music$1http://www.wikidata.org/entity/Q8812109$92283
=650  \0$aLute$1http://www.wikidata.org/entity/Q180733$93944
=650  \0$aCourt$922191
=650  \0$aCappella$1http://www.wikidata.org/entity/Q19902156$922910
=650  \0$aSong$1http://www.wikidata.org/entity/Q7366$94164
=650  \0$aPlainchant$1http://www.wikidata.org/entity/Q2707688$921363
=650  \0$aMonastery$926216
=650  \0$aEducation$926206
=650  \0$aConcert$1http://www.wikidata.org/entity/Q182832$921044
=651  \0$aBavaria (Germany)$1http://www.wikidata.org/entity/Q980$9228
=651  \0$aMunich (Germany)$1http://www.wikidata.org/entity/Q1726$9268
=651  \0$aAugsburg (Germany)$1http://www.wikidata.org/entity/Q2749$921699
=700  \\$aMünster, Robert$d1928-2021$4edt$1http://www.wikidata.org/entity/Q2158321$914961
=700  \\$aSchmid, Hans$d1920-$4edt$914962
=700  \\$aGöthel, Folker$d1910-1990$914963
=942  \\$cBOO
=952  \\$00$10$2ddc$3vol. 1$40$6TOP_DE_BAV$70$8TOP$912426$aORPH$bORPH$cKTS0$d2020-07-08$eKoopman$i35A25$oTOP DE.BAV$p20122531$r2021-01-12 00:00:00$w2021-01-12$yBOO
=952  \\$00$10$2ddc$3vol. 2: Katalog$40$6TOP_DE_BAV$70$8TOP$912427$aORPH$bORPH$cKTS0$d2020-07-08$eKoopman$i35A25$oTOP DE.BAV$p20122530$r2021-01-12 00:00:00$w2021-01-12$yBOO
=999  \\$d12443

