=LDR  04033aam a2200265   4500
=001  12446
=005  20250926134856.0
=008  210819t1967\\\\\\\|||||\||||\01|\0\mul\d
=041  \\$ager$aeng$afre$aita
=100  \\$aStäblein, Bruno$d1895-1978$1http://www.wikidata.org/entity/Q24394917$922068
=245  \\$aFestschrift Bruno Stäblein zum siebzigsten Geburtstag
=246  \1$aFestschrift Bruno Stäblein zum 70. Geburtstag
=260  \\$aKassel$bBärenreiter$c1967
=300  \\$a326 pages
=505  \\$gDie mailändische Überlieferung des Offertoriums Sanctificavit / G. Baroffio -- Das musikalische Kunstwerk in der Geschichte / F. Blume -- Le problème du rythme dans les œuvres de Jacobus Gallus / D. Cvetko -- Ein Salzburger Generalbaßlehre (1803) / H. Federhofer -- Der Tractatus Musicus des Pater Meinrad Spieß (1683-1761) / E. Federl -- Zu den Gesängen des Kölner Missale 1506 / K. G. Fellerer -- Eine neue süddeutsche Quelle des frühen 15. Jahrhunderts / K. von Fischer -- Ein Traktat über die Modi musici vom Jahre 1652 / A. Forchert -- Justus ut palma. Stufen hebräischer Psalmodien in Münlicher öberlieferung / E. Gerson-Kiwi -- Polyphony in Medieval Ireland / F. L. Harrison -- Ave maris stella from Apt to Avingon / G. Haydon -- Johann Eccards Gelegenheitskompositionen / H. Heckmann -- Gleichbleibende Zeilenschlüsse als formbildendes Prinzip in der instrumentalen Volksmusik / F. Hoerburger -- Eine neue Quelle zur mittelalterlichen Mehrstimmigkeit / H. Hofmann-Brandt -- Tractusstudien / H. Hucke -- Règlement du XIIIe siècle pour la transcription des livres notés / M. Huglo -- Rhythmen und Hymnen in einer St. Galler Handschrift des 9. Jahrhunderts / E. Jammers -- Bemerkungen zu Sebastian Virdungs Musica getuscht (1511) / F. Krautwurst -- Zur Ostinato-Technik in der Kirchenmusik der Niederländer / R. B. Lenaerts -- Das Hymnar der Metzer Kathedrale um 1200 / W. Lipphardt -- Die Conductus des Codex Calixtinus / W. Osthoff -- Eine fränkische Dorforgel des Biedermeier / E. Pöhmlann -- Über die Melodie Nr.773 der Monumenta Monodica I / B. Rajeczky -- Regnum tuum solidum / K. Rönnau -- Die Orgeltabulatur C 119 der Proske-Musikbibliothek Regensburg / A. Scharnagel -- Ein beneventanisches Alleluia und seine Prosula / K. H. Schlager -- Vier Klagelieder aus dem Cancionero de la casa de Medinaceli und ihre Beziehung zur Volksmusik / M. Schneider -- Eine merkwürdige Figur und ihr musik-geometrisches Geheimnis / J. Smits van Waesberghe -- Eine Zeugnis früher Mehrstimmigkeit in Italien / R. Strohm -- Anmerkun zur Verbreitung und Struktur der Hosanna-Tropen im deutschsprachichen Raum und den Ostländern / P. J. Thannabaur -- The Arrangements of the Gloria Patri in the Office Organa of the Magnus Liber Organi / H. Tischler -- Musica e Scuola delle Artes e Bologna nell'opera di Boncompagno da Signa (Sec. XIII) / G. Vecchi -- Zur Rolle Italiens im frühen Tropenschaffen / G. Weiss -- Zur Textgeschichte der Improperia / E. Werner -- Beiträge zur Geschichte der Hofkappel Lajos' II. Jagello, Königs von Böhmen und Ungarn / O. Wessely -- Nürnberger Gesangbüchdrucker und -verleger im 17. Jahrhundert / Th. Wohnhaas -- Zur musikalischen Vorgeschichte des Kyrie aus Johann Sebastian Bachs Messe in h-moll / Chr. Wolff
=600  \0$aVirdung, Sebastian$d1465-1511$1http://www.wikidata.org/entity/Q65884$918828
=600  \0$aBach, Johann Sebastian$d1685-1750$1http://www.wikidata.org/entity/Q1339$94766
=648  \0$aMiddle Ages (500-1400)$1http://www.wikidata.org/entity/Q12554$920964
=648  \0$aRenaissance (1400-1600)$1http://www.wikidata.org/entity/Q4692$920965
=648  \0$a17th Century (1601-1700)$1http://www.wikidata.org/entity/Q7016$920923
=650  \0$aMusic history$1http://www.wikidata.org/entity/Q846047$921373
=700  \\$4edt$aRuhnke, Martin$d1921-2004$914685
=942  \\$cBOO
=952  \\$00$10$2ddc$40$6REF_4_000000000000000_STÄB$70$8REF$912429$aORPH$bORPH$cKM12_1$d2020-07-08$eKoopman$i35A31$oREF4 STÄB$p20122525$r2021-01-12 00:00:00$w2021-01-12$yBOO
=999  \\$d12446

