=LDR  01276cam a22002774a 4500
=001  12450
=005  20250120120158.0
=008  040126s2003\\\\it\a\\\\\b\\\\101\0dita\\
=020  \\$a8822252950
=040  \\$aOI
=041  0\$aita$aeng
=100  \\$4edt$aDellaborra, Mariateresa$914965
=245  03$aLa figura e l'opera di Antonio Cesti nel Seicento europeo:$bconvegno internazionale di studio, Arezzo, 26-27 aprile 2002
=260  \\$aFlorence$bOlschki$c2003
=300  \\$axvi-324 pages$billustrations$c24 cm
=490  \\$aQuaderni della Rivista italiana di musicologia$v37
=504  \\$aIncludes bibliographical references and index.
=546  \\$aItalian and English.
=600  \0$aCesti, Antonio$d1623-1669$1http://www.wikidata.org/entity/Q350695$910173
=648  \0$1http://www.wikidata.org/entity/Q7016$a17th Century (1601-1700)$920923
=650  \0$1http://www.wikidata.org/entity/Q36834$aComposer$93625
=650  \0$1http://www.wikidata.org/entity/Q1344 $aOpera$1http://www.wikidata.org/entity/Q1344$92468
=651  \0$1http://www.wikidata.org/entity/Q46$aEurope$991
=942  \\$cBOO
=952  \\$00$10$2ddc$40$6BIO_CEST_D$70$8BIO$912433$aORPH$bORPH$cKTS1_P$d2020-07-08$eKoopman$i35B05$l0$oBIO CEST d$p20120785$r2021-01-12 00:00:00$w2021-01-12$yBOO$OKoopman
=999  \\$d12450

