=LDR  01222cam a2200265 a 4500
=001  12451
=005  20250121142129.0
=008  920121s1992\\\\enkagh\\\b\\\\011\0\eng\\
=020  \\$a0859678326
=040  \\$aOI
=041  0\$aeng
=100  \\$4edt$aWhite, Harry$d-1958$914967
=245  00$aJohann Joseph Fux and the Music of the Austro-Italian Baroque
=260  \\$aAldershot$bScolar$aBrookfield, VT$bAshgate$c1992
=300  \\$axiv-330 pages$billustrations, music, facsimiles$c24 cm
=504  \\$aIncludes bibliographical references and indexes.
=600  \0$aFux, Johann Joseph$d1660-1741$1http://www.wikidata.org/entity/Q311378$910900
=648  \0$a17th Century (1601-1700)$1http://www.wikidata.org/entity/Q7016$920923
=648  \0$a18th Century (1701-1800)$1http://www.wikidata.org/entity/Q7015$920899
=650  \0$aComposer$1http://www.wikidata.org/entity/Q36834$93625
=650  \0$aMusic history$1http://www.wikidata.org/entity/Q846047$921373
=651  \0$aVienna (Austria)$1http://www.wikidata.org/entity/Q1741$920937
=942  \\$cBOO
=952  \\$00$10$2ddc$40$6BIO_FUX_E$70$8BIO$912434$aORPH$bORPH$cKTS1_P$d2020-07-08$eKoopman$i35B06$oBIO FUX e$p20120784$r2021-01-12 00:00:00$w2021-01-12$yBOO$OKoopman
=999  \\$d12451

