=LDR  00980cam a2200217 a 4500
=001  12452
=005  20250120120035.0
=008  940520s1993\\\\it\ah\\\\bk\\\101\0\ita\\
=020  \\$a8878040983
=040  \\$aOI
=245  00$aSigismondo D'India :$batti del Convegno di studi su Sigismondo D'India tra Rinascimento e Barocco : Erice 3-4 agosto 1990 /$ca cura di Maria Antonella Balsano e Giuseppe Collisani.
=260  \\$aPalermo :$bFlaccovio,$cc1993.
=300  \\$a205 p. :$bill., music ;$c20 cm.
=490  \\$aPuncta ;$v11
=504  \\$aIncludes bibliographical and discographical references and index.
=600  \0$ad'India, Sigismondo$dc. 1582-1629$1http://www.wikidata.org/entity/Q457145$911789
=700  \\$aBalsano, Maria Antonella$914969
=700  \\$aCollisani, Giuseppe$914970
=942  \\$cBOO
=952  \\$00$10$2ddc$40$6BIO_INDI_E$70$8BIO$912435$aORPH$bORPH$cKTS1_P$d2020-07-08$eKoopman$i35B14$l0$oBIO INDI e$p20120776$r2021-01-12 00:00:00$w2021-01-12$yBOO$OKoopman
=999  \\$d12452

