=LDR  01895aam a2200301   4500
=001  12453
=008  230328s2006\\\\|||ga|||\||||\00|\0dger\d
=020  \\$a3888493102
=041  \\$ager
=100  \\$4edt$aSchmitz, Heinz-Walter$925942
=245  \\$aGeorg Muffat:$bEin reichsfürstlicher Kapellmeister zwischen den Zeiten
=260  \\$aPassau$bStutz$c2006
=300  \\$a247 pages
=505  \\$gGeorg Muffat und seine Zeit / Markus Eberhardt -- Dokumente im Faksimile -- Die Regulæ Concentuum Partituræ von Georg Muffat im Kontext der Generalbas-Traktate des 17. Jahrhunderts / Karl Friedrich Wagner -- Georg Muffat - Missa in Labore Requies: Überlegungen zu ihrer Aufführungsmöglichkeit im 17. Jahrhundert / Heinz-Walter Schmitz -- Das Musikinventar des Domes und der Maria-Hilf-Kirche in Passau von 1676-1727 / Konrad Ruhland
=590  \\$aMit Beiträgen von Markus Eberhardt, Konrad Ruhland, Heinz-Walter Schmitz, Karl Friedrich Wagner
=600  \0$aMuffat, Georg$d1653-1704$1http://www.wikidata.org/entity/Q170401$97221
=648  \0$a17th Century (1601-1700)$1http://www.wikidata.org/entity/Q7016$920923
=648  \0$a18th Century (1701-1800)$1http://www.wikidata.org/entity/Q7015$920899
=650  \0$aComposer$1http://www.wikidata.org/entity/Q36834$93625
=650  \0$aConductor$1http://www.wikidata.org/entity/Q158852$93134
=650  \0$aCappella$1http://www.wikidata.org/entity/Q19902156$922910
=650  \0$aMusic history$1http://www.wikidata.org/entity/Q846047$921373
=650  \0$aMethod$1http://www.wikidata.org/entity/Q2250960$921402
=650  \0$aBasso continuo$1http://www.wikidata.org/entity/Q724321$921065
=651  \0$aAustria$1http://www.wikidata.org/entity/Q40$9202
=942  \\$cBOO
=952  \\$00$10$2ddc$40$6BIO_MUFF_E$70$8BIO$912436$aORPH$bORPH$cKTS1_P$d2020-07-08$eKoopman$i35B20$l0$oBIO MUFF e$p20120758$r2021-01-12 00:00:00$w2021-01-12$yBOO$OKoopman
=999  \\$d12453

