=LDR  01304cam a2200301 a 4500
=001  12454
=005  20250926134856.0
=008  040319s2003\\\\gw\ag\\\\b\\\\101\0\ger\d
=010  \\$a  2004436213
=020  \\$a3932676114
=035  \\$a(PU)3519226
=035  \\$a(CStRLIN)PAUGV3519226-B
=040  \\$aGyWOH$cGyWOH$dPU$dDLC
=041  0\$ager$aeng
=042  \\$alccopycat
=111  2\$94720$aDortmunder Bach-Symposion$n(4th :$d2002)
=245  10$aBachs Musik für Tasteninstrumente :$bBericht über das 4. Dortmunder Bach-Symposion 2002 /$cherausgegeben von Martin Geck.
=260  \\$aDortmund :$bKlangfarben Musikverlag,$c2003.
=300  \\$a400 p. :$bill., music ;$c24 cm.
=546  \\$aGerman (chiefly) and English.
=504  \\$aIncludes bibliographical references and indexes.
=600  \0$aBach, Johann Sebastian$d1685-1750$1http://www.wikidata.org/entity/Q1339$94766
=600  \0$aBach, Johann Sebastian$d1685-1750$1http://www.wikidata.org/entity/Q1339$94766
=700  \\$aGeck, Martin$d1936-2019$1http://www.wikidata.org/entity/Q100880$917580
=942  \\$cBOO
=952  \\$00$10$2ddc$40$6BIO_BACH1_E$70$8BIO$912437$aORPH$bORPH$cKTS1_P$d2020-07-08$eKoopman$i35B27$oBIO BACH1 e$p20120768$r2021-01-12 00:00:00$w2021-01-12$yBOO
=999  \\$c12454$d12454
=490  \\$aDortmunder Bach-Forschungen ;$vBd. 6

