=LDR  02711pam a2200397 a 4500
=001  12455
=005  20250120120342.0
=008  940511s1995\\\\enkacgh\\b\\\\001\0deng\\
=020  \\$a0521441749
=040  \\$aOI
=041  \\$aeng
=100  \\$4edt$aPrice, Curtis$d-1945$924246
=245  00$aPurcell Studies
=260  \\$aCambridge$aNew York$bCambridge University Press$c1995
=300  \\$axii-305 pages$billustrations, portraits, music, facsimiles$c24 cm
=504  \\$aIncludes bibliographical references and index.
=505  \\$gIntroduction: In search of Purcell's character / C. Price -- Purcell's great autographs / R. Thompson -- Purcell, Blow and the English court ode / M. Adams -- King Arthur's journey into the eighteenth century / E. T. Harris -- Purcell's revision of his own works / R. Herissone -- Purcell and Roseingrave: a new autograph / P. Holman -- Continuity and tempo in Purcell's vocal works / A. M. Laurie -- King Arthur expos'd: a lesson in anatomy / A. Pinnick -- New light on Purcell's keyboard music / C. Price -- Poetic metre, musical metre and the dance in Purcell's songs / K. Rohrer -- Purcell as collector of ancient music: Fitzwilliam MS.88 / R. Shay -- Purcell's odes: propaganda and panegyric / I. Spink -- Only Purcell e're shall equal Blow / B. Wood
=600  \0$aPurcell, Henry$d1659-1695$1http://www.wikidata.org/entity/Q9695$95840
=600  \0$aBlow, John$d1649-1708$1http://www.wikidata.org/entity/Q311110$99684
=600  \0$aRoseingrave, Daniel$d?-1727$1http://www.wikidata.org/entity/Q682009$95384
=648  \0$a17th Century (1601-1700)$1http://www.wikidata.org/entity/Q7016$920923
=650  \0$aComposer$1http://www.wikidata.org/entity/Q36834$93625
=650  \0$aMusical analysis$1http://www.wikidata.org/entity/Q1544924$92775
=650  \0$aBiography$1http://www.wikidata.org/entity/Q36279$91927
=650  \0$aTempo$1http://www.wikidata.org/entity/Q189214$92723
=650  \0$aOpera$1http://www.wikidata.org/entity/Q1344$92468
=650  \0$aKeyboard music$1http://www.wikidata.org/entity/Q105715630$921412
=650  \0$aCollecting$1http://www.wikidata.org/entity/Q208165$92117
=650  \0$aSong$1http://www.wikidata.org/entity/Q7366$94164
=650  \0$aOde$1http://www.wikidata.org/entity/Q178985$922208
=651  \0$aUnited Kingdom$1http://www.wikidata.org/entity/Q21$9273
=856  \\$uhttp://www.loc.gov/catdir/toc/cam023/94017174.html$3Table of contents
=856  \\$uhttp://www.loc.gov/catdir/description/cam026/94017174.html$3Publisher description
=942  \\$cBOO
=952  \\$00$10$2ddc$40$6BIO_PURC1_E$70$8BIO$912438$aORPH$bORPH$cKTS1_P$d2020-07-08$eKoopman$i35B29$oBIO PURC1 e$p20120766$r2021-01-12 00:00:00$w2021-01-12$yBOO
=999  \\$d12455

