=LDR  02902pam a2200433 a 4500
=001  12456
=005  20250820130240.0
=008  910828s1991\\\\enkacgh\\b\\\\001\0deng\\
=020  \\$a0198161913
=040  \\$aOI
=041  \\$aeng
=100  \\$aEisen, Cliff$d1952-$1http://www.wikidata.org/entity/Q5132592$4edt$910703
=245  00$aMozart Studies
=260  \\$aOxford$bClarendon$aNew York$bOxford University Press$c1991
=300  \\$aix-318 pages$billustrations, portraits, music, facsimiles$c26 cm
=504  \\$aIncludes bibliographical references and index.
=505  \\$gThe Mozart's Salzburg Copyists: Aspects of Attribution, Chronology, Text, Style, And Performance Practice / C. Eisen -- Leopold Mozart's Violinschule Annotated by the Author / A. Rosenthal -- Mozart's Last and Beethoven's First: Echoes of KV.551 in the First Movement of Op. 21 / C. Schachter -- The Rochlitz Anecdotes: Issues of Authenticity in Early Mozart Biography / M. Solomon -- Proposed New Dates for Many Works and Fragments Written by Mozart from March 1781 to December 1791 / A. Tyson -- The Analysis of Mozart's Arias / J. Webster -- The Composition and Completion of Mozart's Requiem 1791-1792 / C. Wolff -- Mozart's Orchestral Flutes and Oboes / N. Zaslaw
=600  \0$aMozart, Wolfgang Amadeus$d1756-1791$1http://www.wikidata.org/entity/Q254$95341
=600  \0$aMozart, Leopold$d1719-1787$1http://www.wikidata.org/entity/Q156280$912887
=600  \0$aRochlitz, Friedrich$d1769-1842$1http://www.wikidata.org/entity/Q71502$95595
=600  \0$aBeethoven, Ludwig van$d1770-1827$1http://www.wikidata.org/entity/Q255$95335
=648  \0$a18th Century (1701-1800)$1http://www.wikidata.org/entity/Q7015$920899
=650  \0$aMusic history$1http://www.wikidata.org/entity/Q846047$921373
=650  \0$aMusical analysis$1http://www.wikidata.org/entity/Q1544924$92775
=650  \0$aManuscript$1http://www.wikidata.org/entity/Q87167$92275
=650  \0$aMethod$1http://www.wikidata.org/entity/Q2250960$921402
=650  \0$aViolin$1http://www.wikidata.org/entity/Q8355$92783
=650  \0$aSymphony$1http://www.wikidata.org/entity/Q9734$92527
=650  \0$aBiography$1http://www.wikidata.org/entity/Q36279$91927
=650  \0$aAria$1http://www.wikidata.org/entity/Q178122$921592
=650  \0$aRequiem$1http://www.wikidata.org/entity/Q51616$92858
=650  \0$aOrchestration$1http://www.wikidata.org/entity/Q3367000$921045
=650  \0$aFlute$1http://www.wikidata.org/entity/Q11405$921276
=650  \0$aOboe$1http://www.wikidata.org/entity/Q8377$91905
=651  \0$aSalzburg (Austria)$1http://www.wikidata.org/entity/Q34713$921433
=651  \0$aVienna (Austria)$1http://www.wikidata.org/entity/Q1741$920937
=942  \\$cBOO
=952  \\$00$10$2ddc$40$6BIO_MOZA1_E$70$8BIO$912439$aORPH$bORPH$cKTS1_P$d2020-07-08$eKoopman$i35B30$oBIO MOZA1 e$p20120771$r2021-01-12 00:00:00$w2021-01-12$yBOO$OKoopman
=999  \\$d12456

