=LDR  02366cam a2200397 a 4500
=001  12457
=005  20250423121557.0
=008  980112s1997\\\\enkacgh\\b\\\\001\0deng\d
=020  \\$a0198163436
=040  \\$aOI
=041  \\$aeng
=100  \\$aEisen, Cliff$d1952-$1http://www.wikidata.org/entity/Q5132592$4edt$910703
=245  00$aMozart Studies$n2
=246  3\$aMozart Studies Two
=260  \\$aOxford$bClarendon$c1997
=300  \\$avi-208 pages$billustrations, portraits, music, facsimiles$c26 cm
=504  \\$aIncludes bibliographical references and index.
=505  0\$gRousseau, the Countess, and the female domain / Mary Hunter -- Genre, gesture, and meaning in Mozarts' 'Prague' symphony / Elaine R. Sisman -- The Mozart's Salzburg library / Cliff Eisen -- Tonal organization in the Opera buffa of Mozart's time / John Platoff -- Mozart's 'Haydn' quartets : an evaluation of the autographs and first edition, with particular attention to mm. 125-42 of the finale of K. 387 / Wolf-Dieter Seiffert
=600  \0$aMozart, Wolfgang Amadeus$d1756-1791$1http://www.wikidata.org/entity/Q254$95341
=600  \0$aRousseau, Jean-Jacques$d1712-1778$1http://www.wikidata.org/entity/Q6527$95214
=648  \0$a18th Century (1701-1800)$1http://www.wikidata.org/entity/Q7015$920899
=650  \0$aMusic history$1http://www.wikidata.org/entity/Q846047$921373
=650  \0$aMusical analysis$1http://www.wikidata.org/entity/Q1544924$92775
=650  \0$aTonality$1http://www.wikidata.org/entity/Q192822$923769
=650  \0$aSymphony$1http://www.wikidata.org/entity/Q9734$92527
=650  \0$aOpera buffa$1http://www.wikidata.org/entity/Q208080$926015
=650  \0$aString quartet$1http://www.wikidata.org/entity/Q207338$94110
=650  \0$aGender$1http://www.wikidata.org/entity/P21$921254
=650  \0$aLibrary$1http://www.wikidata.org/entity/Q7075$94229
=650  \0$aCollecting$1http://www.wikidata.org/entity/Q208165$92117
=650  \0$aMusic printing$1http://www.wikidata.org/entity/Q64416036$94007
=651  \0$aSalzburg (Austria)$1http://www.wikidata.org/entity/Q34713$921433
=651  \0$aVienna (Austria)$1http://www.wikidata.org/entity/Q1741$920937
=942  \\$cBOO
=952  \\$00$10$2ddc$40$6BIO_MOZA1_E$70$8BIO$912440$aORPH$bORPH$cKTS1_P$d2020-07-08$eKoopman$i35B31$oBIO MOZA1 e$p20120770$r2021-01-12 00:00:00$w2021-01-12$yBOO$OKoopman
=999  \\$d12457

