=LDR  01397cam a2200289 a 4500
=001  12459
=005  20250407111657.0
=008  000330s2000\\\\nyu\\\\\\b\\\\100\0\mul
=020  \\$a0198167342
=040  \\$aOI
=041  0\$aeng$afre$ager$aita$aspa
=110  \\$aInternational Musicological Society (Basel, Switzerland)$91748
=245  10$aMusicology and sister disciplines. Past, Present, Future.$bProceedings of the 16th International Congress of the International Musicological Society, London, 1997
=260  \\$aNew York$bOxford University Press$c2000
=300  \\$axxix, 681 pages$bill. ;$c24 cm.
=504  \\$aIncludes bibliographical references and index.
=546  \\$aPrincipally in English; includes contributions in French, German, Italian, and Spanish.
=650  \0$aMusicology$1http://www.wikidata.org/entity/Q164204$93925
=650  \0$aMusic$92062
=700  \\$aGreer, David$d1937-$4edt$99194
=700  \\$aRumbold, Ian$914972
=700  \\$aKing, Jonathan$d1971-$4edt$914973
=856  \\$uhttp://www.loc.gov/catdir/enhancements/fy0610/00037520-d.html$3Publisher description
=856  \\$uhttp://www.loc.gov/catdir/enhancements/fy0610/00037520-t.html$3Table of contents only
=942  \\$cBOO
=952  \\$00$10$2ddc$40$6REF_3_000000000000000_GREE$70$8REF$912442$aORPH$bORPH$cKM12_1$d2020-07-08$eKoopman$i35C03$oREF3 GREE$p20120753$r2021-01-12 00:00:00$w2021-01-12$yBOO
=999  \\$d12459

