=LDR  02295aam a2200241   4500
=001  12460
=008  230220s2004\\\\||||||||\||||\00|\0bita\d
=020  \\$a9788870963985
=041  \\$aita
=100  \\$4edt$925701$aZimei, Francesco
=245  \\$aAntonio Zacara da Teramo e il suo tempo
=260  \\$aLucca$bLibreria Musicale Italiana$c2004
=300  \\$axxvi-443 pages$c17×24 cm
=490  \\$aDocumenti di storia musicale abruzzese$v2
=505  \\$g«Magister Antonius dictus Zacharias de Teramo» 1950-2000 / Agostino Ziino -- Teramo negli anni di Zacara / Raffaele Colapietra -- Zacara’s voice ranges / David Fallows -- Nicolaus de Capua, Antonio Zacara da Teramo, and musica ficta / Jan Herlinger -- Divisi and a versi in early fifteenth-century mass movements / Margaret Bent -- Zacara nel Codex Mancini: considerazioni sulla notazione e nuove attribuzioni / Marco Gozzi -- La recezione fiorentina di Zacara da Teramo e il codice Squarcialupi / Lucia Marchi -- Dall’arte allusiva all’intertestualità ‘fisiologica’: aspetti del processo compositivo in Zacara da Teramo / Maria Caraci Vela -- Rhetoric and Reference in Je suy navvrés tan fort / Anne Hallmark -- Le ballate di Zacara / Gianluca D’Agostino -- Aer ytalicus – aer gallicus? Text setting and musical rhythm in sacred compositions of Antonio Zacara da Teramo and his contemporaries / Thomas Schmidt-Beste -- ‘Vilage’: fortuna e filiazione di un Credo di Zacara / Pedro Memelsdorff -- Zacara’s D’amor languire and strategies for borrowing in the early fifteenth-century Italian Mass / Michael Scott Cuthbert -- Stili vaganti! / Francesco Facchin -- «Antonius de Eugubio»: un altro nome per Zacara? / Paolo Peretti
=600  \0$aZacara da Teramo, Antonio$d135x-1413$1http://www.wikidata.org/entity/Q1093593$925756
=648  \0$aMiddle Ages (500-1400)$1http://www.wikidata.org/entity/Q12554$920964
=650  \0$aComposer$1http://www.wikidata.org/entity/Q36834$93625
=650  \0$aBiography$1http://www.wikidata.org/entity/Q36279$91927
=651  \0$aTeramo (Italy)$1http://www.wikidata.org/entity/Q13137$925757
=942  \\$cBOO
=952  \\$00$10$2ddc$40$6BIO_ZACA_E$70$8BIO$912443$aORPH$bORPH$cKTS1_P$d2020-07-08$eKoopman$i35C24$l0$oBIO ZACA e$p20120729$r2021-01-12 00:00:00$w2021-01-12$yBOO$OKoopman
=999  \\$d12460

