=LDR  01624aam a2200229   4500
=001  12461
=008  250604s1991\\\\|||a||||\||||\10|\0\eng\d
=020  \\$a0906795990
=041  \\$aeng
=245  \\$aProperty of a Gentleman : $bThe Formation, Organisation and Dispersal of the Private Library 1620-1920
=260  \\$c1991$aWinchester$aDelaware$bSt Paul's Bibliographies$bOak Knoll
=300  \\$axii-164 pages
=500  \\$aThe papers of the twelfth annual conference on book trade history, held under the auspices of the Centre for Extra-Mural Studies, Birkbeck College.
=505  \\$gThe emergence of the book auctioneer as a professional / Frank Herrmann -- The library as living room / Clive Wainwright -- 'To Paul's Churchyard to treat with a bookbinder' / Esther Potter -- Gentlemen and their bookplates / Brian North Lee -- Was Henry Yates Thompson a Gentleman? / Christopher de Hamel -- The ill-gotten library of 'Honest Tom' Martin / David Stoker -- Reading as Pastime: the place of light literature in some gentlemen's libraries of the 17th century / T.A. Birrell -- William Herbert: his library and his friends / Robin Myers
=650  \0$aLibrary$1http://www.wikidata.org/entity/Q7075$94229
=650  \0$aBook$1http://www.wikidata.org/entity/Q571$92285
=650  \0$aCollecting$1http://www.wikidata.org/entity/Q208165$92117
=700  \\$aMyers, Robin$4edt$940308
=700  \\$aHarris, Michael$4edt$940309
=942  \\$cBOO
=952  \\$00$10$2ddc$40$6BIB_1_000000000000000_MYER$70$8BIB$912444$aORPH$bORPH$cKTS0$d2020-07-08$eKoopman$i35C28$l0$oBIB1 MYER$p20120733$r2021-01-12 00:00:00$w2021-01-12$yBOO$OKoopman
=999  \\$d12461

