=LDR  02019aam a2200313   4500
=001  12463
=008  250331s2005\\\\|||ga|||\y|||\001\0dger\d
=020  \\$a3937788034
=041  \\$ager
=100  \\$aWollny, Peter$d1961-$1http://www.wikidata.org/entity/Q95339065$4edt$915578
=245  \\$aMitteldeutschland im musikalischen Glanz seiner Residenzen.$bSachsen, Böhmen und Schlesien als Musiklandschaften im 16. und 17. Jahrhundert
=260  \\$c2005
=300  \\$a380 pages
=490  \\$aStändige Konferenz Mitteldeutsche Barockmusik$vYearbook 2004
=500  \\$aConference Papers "Mitteldeutschland im musikalischen Glanz seiner Residenzen - Die Vielfalt der Stile im Barockzeitalter", International Conference Sonderhausen (Germany), 1-3 july 2004, and "Mitteleuropäische Musiklandschaften im 16. und 17. Jahrhundert. Saxonia - Bohemia - Silesia", Wissenschaftliches Symposium Weissenfels, 1-2 october 2004
=610  \0$aStändige Konferenz Mitteldeutsche Barockmusik in Sachsen, Sachsen-Anhalt und Thüringen (Germany)$91692
=648  \0$a16th Century (1501-1600)$1http://www.wikidata.org/entity/Q7017$920944
=648  \0$a17th Century (1601-1700)$1http://www.wikidata.org/entity/Q7016$920923
=648  \0$a18th Century (1701-1800)$1http://www.wikidata.org/entity/Q7015$920899
=650  \0$aMusic history$1http://www.wikidata.org/entity/Q846047$921373
=650  \0$aPatronage$1http://www.wikidata.org/entity/Q214092$94245
=650  \0$aNobility$1http://www.wikidata.org/entity/Q134737$93602
=650  \0$aCourt$1http://www.wikidata.org/entity/Q1134237$922191
=651  \0$aSaxony (Germany)$1http://www.wikidata.org/entity/Q1202$955
=651  \0$aBohemia (Czech Republic)$1http://www.wikidata.org/entity/Q39193$921054
=651  \0$aSilesia$1http://www.wikidata.org/entity/Q81720$921055
=942  \\$cBOO
=952  \\$00$10$2ddc$40$6TOP_DE_SAX1_4_000000000000000$70$8TOP$912446$aORPH$bORPH$cKTS0$d2020-07-08$eKoopman$i35E08$l0$oTOP DE.SAX1 4$p20122505$r2021-01-12 00:00:00$w2021-01-12$yBOO$OKoopman
=999  \\$d12463

