=LDR  00772nam a2200205 a 4500
=001  12466
=005  20250109133339.0
=008  911108s1990\\\\dk\a\\\\\b\\\\010\0\mul\\
=020  \\$a8787099322
=040  \\$aOI
=041  0\$adan$ager$aeng
=100  \\$4dte$aSørensen, Søren$d1920-2001$914975
=245  00$aFestskrift Søren Sørensen.$b1920 - 29. september - 1990
=260  \\$aCopenhagen$bdan Fog$c1990
=300  \\$a16, 310 pages$bill. ;$c24 cm.
=504  \\$aIncludes bibliographical references.
=650  \0$aMusic history$1http://www.wikidata.org/entity/Q846047$921373
=942  \\$cBOO
=952  \\$00$10$2ddc$40$6REF_4_000000000000000_SORE$70$8REF$912449$aORPH$bORPH$cKM12_1$d2020-07-08$eKoopman$i35E11$oREF4 SORE$p20122502$r2021-01-12 00:00:00$w2021-01-12$yBOO
=999  \\$d12466

