=LDR  03125aam a2200193   4500
=001  12467
=005  20251031164405.0
=008  210329b\\\\\\\\\\\|||||\||||\00|\0\ger\d
=041  \\$ager$dfre$eeng
=100  \\$aAlbrecht, Hans$d1902-1961$4dte$99075
=245  \\$aHans Albrecht in Memoriam:$bGedenkschrift mit Beiträgen von Freunden und Schülern
=260  \\$aKassel$bBärenreiter$c1962
=300  \\$a292 pages
=505  \\$gUlrich Brätel, über Leben und Werk des ersten württembergischen Hofkomponisten der Reformationszeit / M. Bente -- L'Enigme des Credo de Village / C. van den Borren -- Die Metamorphosen-Werke von Richard Strauss und Paul Hindemith / W. Brennecke -- Fêtes italiennes de plein air au Quattrocento / N. Bridgman -- Originale Daten auf den Handschriften J. S. Bachs / G. von Dadelsen -- Elisabeth Eysbock's Keyboard Book / T. Dart -- Der Eingangssatz zu Bachs Himmelfahrts-Oratorium und seine Vorlage / A. Dürr -- Der Komponist als Ästhetiker: Strawinsky / H. Engel -- Johann Joseph Fux als Musiktheoretiker / H. Federhofer -- Des Russes au concile de Florence, 1438-1439 / V. Federov -- F. N. Parents Revolutionsgesänge (1799) / K. G. Fellerer -- Zur Cantus-firmus-Behandlung in der Psalm-Motette der Josquinzeit / L. Finscher -- Mozarts Klaviervariationen / K. von Fischer -- Sentiment und Sentimentalität im volkstümlichen Lieder Felix Mendelssohn Bartholdys / M. Geck -- Die Laudes Dei Vespertinæ von Melchior Franck / K. Gudewill -- Nicolaus Borbonius in der Oden- und Motettenkomposition des 16. Jahrhunderts / K. G. Hartmann -- Das Geschichtsbewußtsein in der Musikanschauung der italienischen Renaissance und des deutschen Humanismus / W. Kahl -- Studie über Bachs Fantasie und Fuge c-moll (BWV 562) / D. Kilian -- Dittersdorf Negotiates a Price / J. LaRue -- Debussy et le XVIe siècle / F. Lesure -- Friedrich Rochlitz und die Musikgeschichte / J. Müller-Blattau -- Welche Handschriften J.S. Bachscher Werke besaß die Berliner Sing-Akademie? / W. Neumann -- Bruckner und Wien / A. Orel -- War Hainrich Lychtenfels der spätere Musiktheoretiker Heinrich Faber? / F. Peters-Marquardt -- Gustav Mahler's Last Symphonic Trilogy / H. F. Redlich -- Hugo Riemanns Beobachtungen von Divisionstönen und die neueren Anschauungen zur Tonhöhenwahrnehmung / H. P. Reinecke -- Die Bibliothek des Aloys Fuchs / F. W. Riedel -- Telemann im Schatten von Bach? / M. Ruhnke -- Ravels Stellung in der französichen Musik / G. Sannemüller -- Sammartini post-mortem / C. Sartori -- Aphorismen zur Musik-Dokumentation / W. Schmieder -- Das sogenannte aquitanische Alleluia Dies sanctificatus und seine Sequenz / B. Stäblein -- Ein Musiklexicon von Francois Le Cocq / O. Wessely -- Goethes Wort über Bach / W. Wiora -- Carlo Goldoni und die deutsche Oper / H. Wirth
=700  \\$4edt$aBrennecke, Wilfired$d1926-2012$1http://www.wikidata.org/entity/Q2571133$99883
=700  \\$4edt$aHaase, Gesine$911333
=942  \\$cBOO
=952  \\$00$10$2ddc$40$6REF_4_000000000000000_ALBR$70$8REF$912450$aORPH$bORPH$cKM12_1$d2020-07-08$eKoopman$i35E12$l0$oREF4 ALBR$p20122501$r2021-01-12 00:00:00$w2021-01-12$yBOO
=999  \\$d12467

