=LDR  04624cam a2200289 a 4500
=001  12468
=005  20250212090644.0
=008  010727s2001\\\\gw\ag\\\\b\\\\011\0\ger\d
=020  \\$a3930843668 (pbk.)
=035  \\$a(OCoLC)ocm47703425
=040  \\$aOI
=041  0\$ager$aeng
=100  \\$4dte$aBraun, Werner$d1926-2012$99869
=245  00$aMusik und Szene.$bFestschrift für Werner Braun zum 75. Geburtstag
=260  \\$aSaarbrücken $bSaarbrücker Druckerei und Verlag$c2001
=300  \\$a705 pages$bill., music ;$c24 cm.
=490  \\$aSaarbrücker Studien zur Musikwissenschaft. Neue Folge$v9
=504  \\$aIncludes bibliographical references (p. 673-678) and index.
=505  \\$gOrfeo dolente - Musikalische Dramaturgie und Personencharakteristik in Domenico Bellis Intermedien zu Tassos Aminta / P. Ackermann -- Die Anbindung Georg Neumarks an das Königsberger Lied. Ein Beiträg zur Entwicklung des neuen deutschen Liedes im 17. Jahrhundert / R. Althaus -- Robert Schumanns Szenen aus Goethes Faust im Leipziger Salon Livia Freges / B. R. Appel -- Die Aura des Intimen: Interdependenzen des empfindsamen Klavier-, Roman- und Bühnenliedes zwischen 1766 und 1800 / G. Busch -- Bachs Praeludium XII f-Moll (Wohltemperirtes Clavier II) / R. Dammann -- Gabrieli: opera ultima & problematica. Zur öberlieferungsproblematik im Spätwerk von Giovanni Gabrieli / H. Eichhorn -- Venezianische Ariensammlungen des 17. Jahhunderts / R. Emans -- Opernästhetik und Salonkultur der Goethezeit: Fanny Hensels Faustkomposition / M. Erfurd-Freund -- Josquins Chanson Plus nulz regretz. Quellenkritik und Analyse / W. Frobenius -- Ein echter Schüler Kretzschmars: Max Schneider als Universitätslehrer in Breslau / K. W. Geck -- Augeletti che cantate, zefiretti che spirate - Zur Nachahmungs- und Ausdrucksästhetik bei Händel / D. Gutknecht -- Oper vor der Oper: Heinrich Schütz und das Musiktheater in Kassel / M. Heinemann -- Music as Entertainment and Symbol in the Yiddish Cinema from the 1920s and 1930s / J. Herschel Baron --  Mars und Jägermeister auf der Bühne: Repräsentatives Musiktheater am Dresdner Hof (1650-1680) / H. G. Hofmann -- Die Dresdner Goethefeierlichkeitren 1849 und ihre musikalischen Aktivitäten - Eine Dokumentation / H. John -- Dichter als Liturgen. Von Klopstock zu Benn / F. W. Kantzenbach -- Monteverdis Genere concitato und die Vollkommenheit der Musik / K. Küster -- Romano Michelis Dialogus Annuntiationis und seine Bildquellen. Zu einer Sonderform der visuellen Inszenierung von Musik im 17. Jahrhundert / I. Maaß -- Musik und ritterliches Spiel. Vom mittelalterichen Turnier zum barocken Roßballett / K. W. Niemöller -- Die Sammelhandschrift der Thüringischen Motetten aus dem Nachlaß Philipp Spittas / W. Rathert -- Samuel Seidels geistiches Konzert De profundis clamavi ad te Domine von 1650 / E. Sauer -- Evokation des Szenischen und Musikalischer Gehalt: Die Instrumentalrezitatieve von Hector Berlioz / R. Schmusch -- Das Fabellied. Herkunft und Entwicklung / H. Schneider -- Möglichkeiten proxemischer und chronemischer Analyse von Ensembleszenen am Fall des ersten Figaro-Terzetts / N. Schwindt -- Psychogramm oder ideensymbolische Darstellung? Beethovens Introduktion zur Kerkerszene des Fidelio / K. Velten -- Performance, Publication, Piracy. Gabriel Voigtländer's Erster Theil Allerhand Oden und Lieder (1642) / M. R. Wade -- Der Componist dankte stumm abwehrender, bescheidner Handbewegung - Weitere Dokumente zu Marschners Eigenpropaganda und seinem Kampf gegen den Vorwurf des Epigonentums / T. G. Waidelich -- Zur Vorbereitung der Gesangsnummer im gesprochenen Dialog in Singspielen des 18. Jahrhunderts / M. Waldura -- Heinichens Serenade Diana su l'Elba für die Dresdener Fürstenhochzeit von 1719 / M. Walter -- Im Wirbel und Bann sich widerstreitender Gefühle. Zum Terzett La mia Dorabella aus W.A. Mozarts Cosi fan tutte / B. Wilms -- Die Poetik und Struktur in Franz Liszt's Tondichtung Apres une Lecture du Dante im Zusammenhang der Crrespondance de Liszt et de la Comtesse d'Agoult / M. Zenck -- Der Tristanakkord: ein geschichtliches Phänomen / R. Ziegler
=546  \\$aChiefly in German, two articles in English.
=650  \0$aMusic history$1http://www.wikidata.org/entity/Q846047$921373
=700  \\$aAppel, Bernhard R.$4edt$914977
=700  \\$aGeck, Karl Wilhelm$4edt$911049
=700  \\$aSchneider, Herbert$d1941-$4edt$911212
=942  \\$cBOO
=952  \\$00$10$2ddc$40$6REF_4_000000000000000_BRAU$70$8REF$912451$aORPH$bORPH$cKM12_1$d2020-07-08$eKoopman$i35E15$l3$oREF4 BRAU$p20122497$r2024-06-03 00:00:00$s2024-01-31$w2021-01-12$yBOO
=999  \\$d12468

