=LDR  00945aam a2200205   4500
=001  12472
=008  210819r19651909\\\|||||\||||\01|\0\mul\d
=041  \\$afre$ager$aeng$aita
=100  \\$aRiemann, Hugo$d1849-1919$4dte$1http://www.wikidata.org/entity/Q213539$916448
=245  \\$aRiemann-Festschrift.$bGesammelte Studien zum sechzigsten Geburtstage überreicht von Freunden und Schülern
=260  \\$aTutzing$bSchneider$c1965
=300  \\$a524 pages
=505  \\$gÜber Textlegung in den Trienter Codices - G. Adler
=534  \\$aOriginally published in 1909
=650  \0$aMusic history$1http://www.wikidata.org/entity/Q846047$921373
=650  \0$aMusic theory$1http://www.wikidata.org/entity/Q193544$92662
=700  \\$4edt$aMennicke, Carl$921498
=942  \\$cBOO
=952  \\$00$10$2ddc$40$6REF_4_000000000000000_RIEM$70$8REF$912455$aORPH$bORPH$cKM12_1$d2020-07-08$eKoopman$i35E27$oREF4 RIEM$p20122485$r2021-01-12 00:00:00$w2021-01-12$yBOO
=999  \\$d12472

