=LDR  01176aam a2200241   4500
=001  12473
=008  240506s1987\\\\||||||||\||||\00|\0\dut\d
=041  \\$adut
=245  \\$aHuygens in Noorder Licht.$bLezingen van het Groningse Huygens-symposium
=260  \\$aGroningen$bUniversiteitsdrukkerij Groningen$c1987
=600  \0$aHuygens, Constantijn$d1596-1687$1http://www.wikidata.org/entity/Q560746$95174
=648  \0$a17th Century (1601-1700)$1http://www.wikidata.org/entity/Q7016$920923
=650  \0$aWriter$1http://www.wikidata.org/entity/Q36180$93885
=650  \0$aHumanities$1http://www.wikidata.org/entity/Q80083$94454
=650  \0$aScience$1http://www.wikidata.org/entity/Q7991$921650
=650  \0$aPoet$1http://www.wikidata.org/entity/Q49757$92954
=650  \0$aComposer$1http://www.wikidata.org/entity/Q36834$93625
=651  \0$aNetherlands$1http://www.wikidata.org/entity/Q55$9173
=700  \\$aStreekstra, N. F.$4edt$914269
=700  \\$aVerkuyl, P. E. L.$4edt$99826
=942  \\$cBOO
=952  \\$00$10$2ddc$40$6BIO_HUYG1_C$70$8BIO$912456$aORPH$bORPH$cKTS1_P$d2020-07-08$eKoopman$i35E34$l0$oBIO HUYG1 c$p20122478$r2021-01-12 00:00:00$w2021-01-12$yBOO$OKoopman
=999  \\$d12473

