=LDR  01140aam a2200229   4500
=001  12474
=008  240506s2005\\\\|||a||||\||||\00|\0\dut\d
=020  \\$a9789061535829
=041  \\$adut
=245  \\$aHonderd schatten uit de Koninklijke Bibliotheek van België
=260  \\$aBruges$bDie Keure$c2005
=500  \\$aUitgave n.a.v. tentoonstelling 22 april-30 juli 2005
=610  \0$aKoninklijke Bibliotheek van België / Bibliothèque royale 'Albert Ier' (Brussels, Belgium)$1http://www.wikidata.org/entity/Q383931$91442
=650  \0$aLibrary$1http://www.wikidata.org/entity/Q7075$94229
=651  \0$aBrussels (Belgium)$1http://www.wikidata.org/entity/Q239$937
=700  \\$aDelsaerdt, Pierre$d1963-$1http://www.wikidata.org/entity/Q103237156$4ctb$910443
=700  \\$aDuvosquel, Jean-Marie$1http://www.wikidata.org/entity/Q55946547$4ctb$922033
=700  \\$aSimons, L.$4ctb$927322
=700  \\$aSorgeloos, Claude$4ctb$914141
=942  \\$cBOO
=952  \\$00$10$2ddc$40$6BIB_4_000000000000000_BE_BRU1$70$8BIB$912457$aORPH$bORPH$cKTS0$d2020-07-08$eKoopman$i35F02$l0$oBIB4 BE.BRU1$p20120690$r2021-01-12 00:00:00$w2021-01-12$yBOO$OKoopman
=999  \\$d12474

