=LDR  01449cam a2200325 a 4500
=001  12475
=005  20250120115957.0
=008  000601s2000\\\\ne\a\\\\\bc\\\001\0ddut\d
=010  \\$a   00338593 
=020  \\$a9040094454
=035  \\$a(OCoLC)ocm44160682
=040  \\$aCGU$cCGU$dDLC
=042  \\$alccopycat
=043  \\$ae-ne---
=100  \\$aStrij, Abraham van$d1753-1826$1http://www.wikidata.org/entity/Q2277410$914978
=245  10$aIn helder licht :$bAbraham en Jacob van Strij : Hollandse meesters van landschap en interieur omstreeks 1800 /$conder redactie van Charles Dumas ; met bijdragen van Floor de Graaf ... [et al.].
=246  30$aAbraham en Jacob van Strij
=260  \\$aZwolle :$bWaanders Uitgevers,$cc2000.
=300  \\$a271 p. :$bill. (some col.) ;$c28 cm.
=504  \\$aIncludes bibliographical references.
=600  \0$aStrij, Abraham van$d1753-1826$1http://www.wikidata.org/entity/Q2277410$914978
=600  \0$aStrij, Jacob van$d1756-1815$914981
=700  \\$aStrij, Jacob van$d1756-1815$914981
=700  \\$aDumas, Charles$99463
=700  \\$aGraaf, Floor de$914982
=710  \\$aDordrechts Museum.$91729
=710  \\$aRijksmuseum Twenthe (Enschede, Netherlands)$1http://www.wikidata.org/entity/Q1505892$91730
=942  \\$cBOO
=952  \\$00$10$2ddc$40$6BIO_STRI_D$70$8BIO$912458$aORPH$bORPH$cKTS1_P$d2020-07-08$eKoopman$i35F09$l0$oBIO STRI d$p20120683$r2021-01-12 00:00:00$w2021-01-12$yBOO$OKoopman
=999  \\$c12475$d12475

