=LDR  01446cam a22002894a 4500
=001  12476
=005  20251027153317.0
=008  080331s2007\\\\it\af\\\\bc\\\000\0dita\d
=041  \\$aita
=100  \\$aMarkova, Vittoria$4edt$924825
=245  00$aPittura italiana nelle collezioni del Museo Puškin dal Cinquecento al Novecento
=250  \\$a1st ed.
=260  \\$aVenice$bMarsilio$c2007
=300  \\$a173 pages
=500  \\$aCatalog of an exhibition held at the Palazzo della Ragione, Verona, Italy, Oct. 20, 2007-Feb. 3, 2008.
=504  \\$aIncludes bibliographical references (p. 157-173).
=610  \0$a Pushkin Museum of Fine Arts (Moscow)$1 Pushkin Museum of Fine Arts$941669
=648  \0$a16th Century (1501-1600)$1http://www.wikidata.org/entity/Q7017$920944
=648  \0$a17th Century (1601-1700)$1http://www.wikidata.org/entity/Q7016$920923
=648  \0$a18th Century (1701-1800)$1http://www.wikidata.org/entity/Q7015$920899
=648  \0$a19th Century (1801-1900)$1http://www.wikidata.org/entity/Q6955$920935
=648  \0$a20th Century (1901-2000)$1http://www.wikidata.org/entity/Q6927$920936
=650  \0$aFine art$1http://www.wikidata.org/entity/Q219625$921579
=651  \0$aItaly$1http://www.wikidata.org/entity/Q38$922
=942  \\$cBOO
=952  \\$00$10$2ddc$40$6TOP_IT_5_000000000000000$70$8TOP$912459$aORPH$bORPH$cKTS0$d2020-07-08$eKoopman$i35F10$l0$oTOP IT 5$p20120682$r2021-01-12 00:00:00$w2021-01-12$yBOO$OKoopman
=999  \\$d12476

