=LDR  01151cam a2200265 a 4500
=001  12477
=005  20250120115852.0
=008  810615s1980\\\\ne\a\\\\\bc\\\001\0\dut\\
=020  \\$a9070072661
=040  \\$aOI
=041  \\$adut
=245  00$aThuis in de late middeleeuwen:$bhet Nederlands burgerinterieur 1400-1535
=260  \\$aZwolle$bWaanders$c1980
=300  \\$a203 pages$bill.$c29 cm
=500  \\$aIncludes index.
=504  \\$aBibliography: p. 192-195.
=590  \\$aTentoonstelling in het Provinciaal Overijssels Museum van 5 oktober tot 31 december 1980
=648  \0$a15th Century (1401-1500)$1http://www.wikidata.org/entity/Q7018$921015
=648  \0$a16th Century (1501-1600)$1http://www.wikidata.org/entity/Q7017$920944
=650  \0$aApplied arts$1http://www.wikidata.org/entity/Q2865882$921627
=650  \0$aInterior design$1http://www.wikidata.org/entity/Q179232$921367
=651  \0$aNetherlands$1http://www.wikidata.org/entity/Q55$9173
=942  \\$cBOO
=952  \\$00$10$2ddc$40$6TOP_NL_4_000000000000000$70$8TOP$912460$aORPH$bORPH$cKTS0$d2020-07-08$eKoopman$i35F12$oTOP NL 4$p20120680$r2021-01-12 00:00:00$w2021-01-12$yBOO
=999  \\$d12477

