=LDR  01670aam a2200229   4500
=001  12478
=005  20251016170954.0
=008  250917s2006\\\\|||ao|||\||||\00|\0\eng\d
=020  \\$a998498639X
=041  \\$aeng
=245  \\$aBeyond Traditional Borders:$bEight Centuries of Latvian-Dutch relations
=260  \\$aRiga$c2006$bSIA Apgads Zelta Grauds
=300  \\$a312 pages
=520  \\$aThis rich book contains a wide array of articles covering many elements of the close relationship between the Kingdom of the Netherlands and the Republic of Latvia and is the first book ever written on this relationship. For centuries these two parts of the world were connected in many, sometimes unexpected ways. After Germany, Sweden and Russia, the Netherlands ranked among the most influential countries in Latvia. In thirtheen chapters, eight hundred years of bilateral contacts are being dealt with on topics like trade, religion, architecture, sports and many others. Many subjects deserve to be examined more thoroughly by Latvian and Dutch scholars.
=648  \0$aPast$1http://www.wikidata.org/entity/Q192630$922196
=650  \0$aHistory$1http://www.wikidata.org/entity/Q309$921403
=650  \0$aInfluence$1http://www.wikidata.org/entity/Q1307337$1http://www.wikidata.org/entity/Q16578639$922289
=651  \0$aLatvia$1http://www.wikidata.org/entity/Q211$921547
=651  \0$aNetherlands$1http://www.wikidata.org/entity/Q55$1http://www.wikidata.org/entity/Q29999$9173
=942  \\$cBOO
=952  \\$00$10$2ddc$40$6TOP_LV_0_000000000000000$70$8TOP$912461$aORPH$bORPH$cKTS0$d2020-07-08$eKoopman$i35F13$l0$oTOP LV 0$p20120679$r2021-01-12 00:00:00$w2021-01-12$yBOO$OKoopman
=999  \\$d12478

