=LDR  01271cam a22002774a 4500
=001  12486
=005  20251003085459.0
=008  061009s2006\\\\it\a\\\\\bc\\\000\0\ita\d
=020  \\$a883179020X :$c63.00 EUR
=040  \\$aOI
=041  \\$aita
=100  \\$4art$aMantegna, Andrea$d1431-1506$1http://www.wikidata.org/entity/Q5681$914984
=245  00$aMantegna e le arti a Verona, 1450-1500:$bVerona, Gran Guardia, 16 settembre 2006-14 gennaio 2007
=260  \\$aVenice$bMarsilio$c[2006]
=300  \\$a517 pages$billustrations (some color)$c28 cm
=504  \\$aIncludes bibliographical references (p. 481-517).
=600  \0$aMantegna, Andrea$d1431-1506$1http://www.wikidata.org/entity/Q5681$914984
=648  \0$a15th Century (1401-1500)$1http://www.wikidata.org/entity/Q7018$921015
=650  \0$aFine art$1http://www.wikidata.org/entity/Q219625$921579
=650  \0$aCatalogue$1http://www.wikidata.org/entity/Q2352616$921484
=651  \0$aVerona (Italy)$1http://www.wikidata.org/entity/Q2028$921086
=700  \\$aMarinelli, Sergio$4edt$910503
=700  \\$aMarini, Paola$4edt$912591
=942  \\$cBOO
=952  \\$00$10$2ddc$40$6BIO_MANT_E$70$8BIO$912469$aORPH$bORPH$cKTS1_P$d2020-07-08$eKoopman$i35F24$oBIO MANT e$p20122468$r2021-01-12 00:00:00$w2021-01-12$yBOO
=999  \\$d12486

