=LDR  01193    a2200253   4500
=001  12487
=005  20250926134856.0
=008  221219s2007\\\\nl\af|||\||||\00|\0\dut\d
=020  \\$a9789090222103
=041  \\$adut
=245  \\$aBach-Orgel Grote Kerk Dordrecht
=260  \\$as.l.$bs.n.$c2007
=300  \\$a176 pages
=600  \0$aBach, Johann Sebastian$d1685-1750$1http://www.wikidata.org/entity/Q1339$94766
=600  \0$aSilbermann, Gottfried$d1683-1753$1http://www.wikidata.org/entity/Q61720$914779
=610  \0$aGrote Kerk (Dordrecht, Netherlands)$1http://www.wikidata.org/entity/Q2024749$925191
=648  \0$a18th Century (1701-1800)$1http://www.wikidata.org/entity/Q7015$920899
=650  \0$aOrgan$1http://www.wikidata.org/entity/Q1444$92810
=650  \0$aChurch$1http://www.wikidata.org/entity/Q16970$93776
=650  \0$aOrganology$1http://www.wikidata.org/entity/Q899293$921400
=651  \0$aDordrecht (Netherlands)$1http://www.wikidata.org/entity/Q26421$921875
=942  \\$cBOO
=952  \\$00$10$2ddc$40$6INS_3_000000000000000_1E_NL_DOR$70$8INS$912470$aORPH$bORPH$cKTS0$d2020-07-08$eKoopman$i36F03$l0$oINS3.1e NL.DOR$p20120673$r2021-01-12 00:00:00$w2021-01-12$yBOO$OKoopman
=999  \\$d12487

