=LDR  01353    a2200229   4500
=001  12488
=008  211122s2007\\\\\\\|||||\||||\00|\0bger\d
=020  \\$a9783937900032
=041  \\$ager
=245  \\$aEin fürtrefflicher Componist und Organist zu Lübeck:$bDieterich Buxtehude (1637-1707)
=260  \\$aLübeck$bDräger$c2007
=500  \\$aContributions by Wißkirchen, H.; Schweitzer, R.; Schröder, D.; Junghändel, K.; Graßmann, A.; Eschenbach, G.; Ortgies, I.; Heering, J.; Kremer, J.; Grapenthin, U.; Koopman, T.; Fuerst, M.; Scherliess, V.; Althöfer, U.; Maul, M.; Wollny, P.; Schnoor, A.; Walter, J.
=600  \0$aBuxtehude, Dietrich$d1637-1707$1http://www.wikidata.org/entity/Q153637$910062
=648  \0$a17th Century (1601-1700)$1http://www.wikidata.org/entity/Q7016$920923
=648  \0$a18th Century (1701-1800)$1http://www.wikidata.org/entity/Q7015$920899
=650  \0$aComposer$1http://www.wikidata.org/entity/Q36834$93625
=650  \0$aOrganist$1http://www.wikidata.org/entity/Q765778$94471
=651  \0$aLübeck (Germany)$1http://www.wikidata.org/entity/Q2843$9125
=700  \\$4ctb$aKoopman, Ton$d1944-$1http://www.wikidata.org/entity/Q445121$910491
=942  \\$cBOO
=952  \\$00$10$2ddc$40$6BIO_BUXT_E$70$8BIO$912471$aORPH$bORPH$cKTS1_P$d2020-07-08$eKoopman$i36F07$oBIO BUXT e$p20120669$r2021-01-12 00:00:00$w2021-01-12$yBOO
=999  \\$d12488

