=LDR  01296cam a22002897a 4500
=001  12496
=005  20250120115957.0
=008  071212s2007\\\\fr\a\\\\\bc\\\001\0\fre\d
=010  \\$a 2008420540
=020  \\$a2757201042
=020  \\$a9782757201046
=035  \\$a(OCoLC)ocn191046036
=040  \\$aFQG$cFQG$dAUXAM$dCUY$dDLC
=041  \\$afre
=245  00$aGrünewald et le retable d'Issenheim :$bregards sur un chef-d'oeuvre. Musée d'Unterlinden, 8 décembre 2007-2 mars 2008
=260  \\$aParis$bSomogy$aColmar$bUnter Linden$bSociété Schongauer$c2007
=300  \\$a278 p. :$bill. ;$c32 cm.
=504  \\$aIncludes bibliographical references (p. 264-275) and index.
=600  \0$aGrünewald, Matthias$dc. 1480-1526$tIsenheim Altar$vExhibitions.$1http://www.wikidata.org/entity/Q154338$914986
=648  \0$a16th Century (1501-1600)$1http://www.wikidata.org/entity/Q7017$920944
=700  \\$aBéguerie-De Paepe, Pantxika$4edt$914987
=700  \\$aLorentz, Philippe$4edt$914988
=700  \\$aClementz, Elisabeth$4aut$914989
=942  \\$cBOO
=952  \\$00$10$2ddc$40$6BIO_GRUN_E$70$8BIO$912479$aORPH$bORPH$cKM12_1$d2020-07-08$eKoopman$i36F16$l0$oBIO GRUN e$p20120655$r2021-01-12 00:00:00$w2021-01-12$yBOO
=999  \\$c12496$d12496
=650  \0$aFine art$1http://www.wikidata.org/entity/Q219625$921579

