=LDR  13492cam a2201213 a 4500
=001  12499
=005  20250925143300.0
=008  020308s2002\\\\gw\ag\\\\b\\\\010\0\ger\d
=010  \\$a  2002445415
=020  \\$a3795210690
=040  \\$aOI
=041  0\$ager$aeng$aspa
=100  \\$aHaberkamp, Gertraut$d1937-2023$4dte$911338
=245  00$aIm Dienst der Quellen zur Musik.$bFestschrift Gertraut Haberkamp zum 65. Geburtstag
=260  \\$aTutzing$bSchneider$c2002
=300  \\$axvi-633 pages$billustrations, music$c25 cm
=504  \\$aIncludes bibliographical references.
=505  \\$gDie Gardemusik des Fürsten von Thurn und Taxis 1820-1828 / H. Angerer -- Moderne Musik in modernem Ambiente / A. Beer -- Musikbibliotheken und Musikverlage als Katalysatoren der Forschung / M. Bente -- Cantiones veterum und neue Reuterliedlein (1643). Aus einem Streitfall in Delitzsch / W. Braun -- Eine Hamburger Privatbibliothek des 18. Jahrhunderts mit Werken Reinhard Keisers, Georg Philipp Telemanns und anderer Hamburger Komponisten / A. Brinzing -- Die Sammlung Hoboken und ihre Kataloge / G. Brosche -- Retirada und Retraite. Anmerkungen zur Terminologie und Gattungsgeschichte / F. Brusniak -- Giovanni Gabrieli's Sacrae Symphoniae (Venice, 1597): some rediscovered partbooks with new evidence about performance practice / R. Charteris -- Fundort Sammelband - Zwei unbekannte Cori von Christoph Willibald Gluck / C. Croll -- Über wandernde Stichplatten und doppelte Plattennummern: Beispiel Beethoven / K. Dorfmüller -- Das 5. Messenbuch von Pierluigi da Palestrina und die Paulaner zu München / B. Edelmann -- Auch kleinste Dinge ... Die Mendelssohn Bartholdys im Album der Sophia Horsley / R. Elvers -- Bemerkungen zur Rossacher Musiksammlung / R. Engelhardt -- Tabula compositoria, partitura, chapa y borrador. Formas de anotar la polifonia y musica instrumental en el ambito hispanico durante el periodo barroco / A. Ezquerro -- Roms musikalische Spuren in München. Anmerkungen zur kirchenmusikalischen Praxis der Münchner Hofkapelle / S. Gmeinwieser -- Fuentes musicales historicas de compositores alemanes en el Archivo de Musica de las Catedrales de Zaragoza (E-Zac) / J. V. Gonzalez Valle -- ... daß ich so gern Tanzmusik mach! Beobachtungen an Schuberts Klaviertänzen zu zwei Händen / K. Haller -- Organisation und Perfektion im Klavierwerk Claude Debussys - Überlegungen zur Editionsproblematik / E. G. Heinemann -- Sinfonien im Stift Stams in der zweiten Hälfte des 18. Jahrhunderts. Bemerkungen zum Repertoire / H. Herrmann-Schneider -- Eine neue, wichtige Quelle zu Mozarts Streichquintetten KV.515 und KV.516 / E. Herttrich -- Über Karl Richter / A. Holschneider -- Ferdinand Fränzls Jahre als Musikdirektor in München / S. Hörner -- Neue Erkentnisse zu Einbandprovenienzen der Musikdrucke der Kasseler Hofkapelle / A. Horstmann -- Der Musikalienbestand des Ordens vom Hl. Geist in Memmingen - Beobachtungen zu Repertoire und Stellenwert der Musik in einem Hospitalorden / J. Hoyer -- RISM: Eine Fundgrube für verschollen geglaubte Musikdrucke aus Deutschland / J. Jaenecke -- Eine Norwegisierung Mozarts? Zu Edvard Griegs Bearbeitungen Mozartscher Klaviersonaten / P. Jost -- Makulatur des 16. Jahrhunderts als musikgeschichtliche Quelle / M. Just -- Zur Überlieferung der Fuga a dodici von Domenico Scarlatti / K. Kindler -- Das Bamberger Drittel. Zum Repertoire der Würzburger und Bamberger Hofmusik unter Fürstbischof Friedrich Carl von Schönborn (1729-1746) / D. Kirsch -- Zitat, Imitation, Variation und Paraphrase - Zu den Parodiemessen des 16. Jahrhunderts über Motetten des Andreas de Silva / W. Kirsch -- Antonio Casimir Cartellieri (1772-1807). Ein Beethoven-Zeitgenosse an der Schwelle zur Frühromantik und seine Werke für Bläser / D. Klöckner -- ... Qu'on en fait sur le Theatre ... Pietro Torris Oratorium Abelle / G. H. Knaus -- Sigismund von Neukomm: Libera me, Domine d-Moll NV.186 : Ein Beitrag zur litirgischen Komplettierung von Wolfgang Amadé Mozarts Requiem d-Moll KV.626 / U. Konrad -- Bibliotheken in einer Bibliothek, oder: Anmerkungen zum Verbleib der Opernbibliotheken aus dem alten Residenztheater und dem Königlichen Hof-Theater am Isartor in der Bibliothek des Hof- und Nationaltheaters in München / S. Kurth -- Klang und Stille in Ligetis Zehn Stücke für Blaserquintett (1968) / J. Liebscher -- Theaterbau in Breslau: Tempel der dramatischen Kunst / H. Loos -- Die G.Fr. Händel zugeschriebenen Kompositionen in den thematischen Katalogen von Breitkopf (1762-1768) / H. J. Marx -- Andreas Rombergs Vertonung von Klopstocks Hymne Der Erbarmer / M. Marx-Weber -- Die beiden ältesten Notenkataloge der Ratsschulbibliothek Zwickau / E. Möller -- Anton Bruckner in den Erinnerungen der Töchter Hermann Kaulbachs / R. Münster -- Georg Reichweins Weihnachts-Pastorellen für Niederaltaich (1687) / K. Ruhland -- Mozarts Offertorium Misericordias Domini KV.222-205a. Ein Mikrokosmos seiner kirchenmusikalischen Erfahrungen / J. Ruile-Dronke -- Neues zur Biographie von Friedrich August Grasnick. Ein Beitrag zur Musiküberlieferung der Berliner Staatsbibliothek / R. Schaal -- Die 'fehlenden' Bläserakkorde zu Beginn von Mozarts 'Bei Männern, welche Liebe fühlen' (Die Zauberflöte, Nr.7) / R. Schlötterer -- Mozarts Gigue KV.574: Artikulation als Parameter der Komposition / R. Schlötterer-Traimer -- Hassler-Bearbeitungen des frühen 17. Jahrhunderts / B. Schmid -- Dohrns Lieder aus Tondern. Kiel, Schleswig-Holsteinische Landesbibliothek Ya.146 / U. Schwab -- Ein studentisches Vademecum um 1600: Die wenig bekannte Wittenberger Claviertabulatur S-UU, Vok.mus.hs.132 / N. Schwindt -- Zur Entstehung von Mozarts Lodi-Quartett / C. Speck -- Eine antike Musikinschrift aus Messene? / D. Themelis -- Notizen zu Leben und Werk des Johann Urban Aloys Hoffstetter (1735/36 - 1810) / H. Unverricht -- Der Vegessenheit anheimgefallen: Der Musikdirektor Carl Ludwig Eberle / E. Voss -- Erinnerungen des Garmischer Landrats an Richard Strauss / R. Wiesend -- Zur Geschichte der Orgelbauer Crapp in Franken und Thüringen / T. Wohnhaas & H. Fischer -- Zur Allgemeinbibliothek der Prinzessin Anna Amalia von Preußen (1723-1787), jüngste Schwester Friedrichs des Großen / E. R. Wutta-Blechschmidt -- Grazie agl'inganni tuoi : Mozart or Kelly? / N. Zaslaw
=600  \0$aPalestrina, Giovanni Pierluigi da$dc. 1525-1594$1http://www.wikidata.org/entity/Q179277$910834
=600  \0$aGabrieli, Giovanni$dc. 1554/57-1612$1http://www.wikidata.org/entity/Q34624$99172
=600  \0$aHaßler, Hans Leo$d1564-1612$1http://www.wikidata.org/entity/Q164882$96033
=600  \0$aReichwein, Johann Georg$d1640-1691$1http://www.wikidata.org/entity/Q1693936$926757
=600  \0$aTorri, Pietro$d1650-1737$1http://www.wikidata.org/entity/Q466936$926753
=600  \0$aKeiser, Reinhard$d1674-1739$1http://www.wikidata.org/entity/Q436126$915629
=600  \0$aSchönborn, Friedrich Carl von$d1674-1746$1http://www.wikidata.org/entity/Q67281$926745
=600  \0$aTelemann, Georg Philipp$d1681-1767$1http://www.wikidata.org/entity/Q75854$99287
=600  \0$aHandel, George Frideric$d1685-1759$1http://www.wikidata.org/entity/Q7302$94765
=600  \0$aScarlatti, Domenico$d1685-1757$1http://www.wikidata.org/entity/Q167837$95383
=600  \0$aAnna Amalia von Preußen$cPrincess$d1723-1787$1http://www.wikidata.org/entity/Q237754$926759
=600  \0$aGluck, Christoph Willibald$d1714-1787$1http://www.wikidata.org/entity/Q130759$96111
=600  \0$aKlopstock, Friedrich Gottlieb$d1724-1803$1http://www.wikidata.org/entity/Q154367$922852
=600  \0$aMozart, Wolfgang Amadeus$d1756-1791$1http://www.wikidata.org/entity/Q254$95341
=600  \0$aRomberg, Andreas$d1767-1821$1http://www.wikidata.org/entity/Q213904$96130
=600  \0$aBeethoven, Ludwig van$d1770-1827$1http://www.wikidata.org/entity/Q255$95335
=600  \0$aNeukomm, Sigismund von$d1778-1858$1http://www.wikidata.org/entity/Q698066$99129
=600  \0$aSchubert, Franz$d1797-1828$1http://www.wikidata.org/entity/Q7312$96183
=600  \0$aGrieg, Edvard$d1843-1907$1http://www.wikidata.org/entity/Q80621$918701
=600  \0$aBruckner, Anton$d1824-1896$1http://www.wikidata.org/entity/Q81752$96398
=600  \0$aDebussy, Claude$d1862-1918$1http://www.wikidata.org/entity/Q4700$918776
=600  \0$aStrauss, Richard$d1864-1949$1http://www.wikidata.org/entity/Q13894$914264
=600  10$aHoboken, Anthony van$d1887-1983$1http://www.wikidata.org/entity/Q435764$926073
=600  \0$aRichter, Karl$d1926-1981$1http://www.wikidata.org/entity/Q76735$923198
=600  \0$aLigeti, György$d1923-2006$1http://www.wikidata.org/entity/Q154331$917536
=610  \0$aThurn und Taxis family$1http://www.wikidata.org/entity/Q106766043$926740
=610  \0$aÖsterreichische Nationalbibliothek (Vienna, Austria)$1http://www.wikidata.org/entity/Q304037$91356
=610  \0$aMendelssohn family$1http://www.wikidata.org/entity/Q41783627$923141
=610  \0$aSchloss Rossach (Schöntal, Germany)$1http://www.wikidata.org/entity/Q28321278$926741
=610  \0$aCatedral-Basílica de Nuestra Señora del Pilar de Zaragoza (Spain)$1http://www.wikidata.org/entity/Q810684$926742
=610  \0$aStift Stams (Tyrol, Austria)$926743
=610  \0$aCistercians$1http://www.wikidata.org/entity/Q166861$923733
=610  \0$aChorherrenkloster vom Hl. Geist, Memmingen (Germany)$1http://www.wikidata.org/entity/Q1354683$926744
=610  \0$aResidenztheater München (Germany)$1http://www.wikidata.org/entity/Q883454$926754
=610  \0$aNationaltheater München (Germany)$1http://www.wikidata.org/entity/Q707679$926755
=610  \0$aBreitkopf & Härtel (Leipzig and Wiesbaden, Germany)$1http://www.wikidata.org/entity/Q634246$91230
=610  \0$aRatsschulbibliothek Zwickau (Germany)$1http://www.wikidata.org/entity/Q2132885$926756
=648  \0$a16th Century (1501-1600)$1http://www.wikidata.org/entity/Q7017$920944
=648  \0$a17th Century (1601-1700)$1http://www.wikidata.org/entity/Q7016$920923
=648  \0$a18th Century (1701-1800)$1http://www.wikidata.org/entity/Q7015$920899
=648  \0$a19th Century (1801-1900)$1http://www.wikidata.org/entity/Q6955$920935
=648  \0$a20th Century (1901-2000)$1http://www.wikidata.org/entity/Q6927$920936
=650  \0$aMusic history$1http://www.wikidata.org/entity/Q846047$921373
=650  \0$aSong$1http://www.wikidata.org/entity/Q7366$94164
=650  \0$aLibrary$1http://www.wikidata.org/entity/Q7075$94229
=650  \0$aPolyphony$1http://www.wikidata.org/entity/Q179465$926381
=650  \0$aInstrumental music$1http://www.wikidata.org/entity/Q639197$92106
=650  \0$aChurch music$1http://www.wikidata.org/entity/Q8812109$92283
=650  \0$aCappella$1http://www.wikidata.org/entity/Q19902156$922910
=650  \0$aCourt$1http://www.wikidata.org/entity/Q1134237$922191
=650  \0$aKeyboard music$1http://www.wikidata.org/entity/Q105715630$921412
=650  \0$aDance$1http://www.wikidata.org/entity/Q11639$1http://www.wikidata.org/entity/Q316930$924845
=650  \0$aUrtext edition$1http://www.wikidata.org/entity/Q2564985$923763
=650  \0$aMonastery$1http://www.wikidata.org/entity/Q44613$926216
=650  \0$aSymphony$1http://www.wikidata.org/entity/Q9734$92527
=650  \0$aString quintet$1http://www.wikidata.org/entity/Q937364$94575
=650  \0$aConductor$1http://www.wikidata.org/entity/Q158852$93134
=650  \0$aEarly music$1http://www.wikidata.org/entity/Q436016$93160
=650  \0$aSonata$1http://www.wikidata.org/entity/Q131269$921653
=650  \0$aFugue$1http://www.wikidata.org/entity/Q181014$93142
=650  \0$aMotet$1http://www.wikidata.org/entity/Q188285$92028
=650  \0$aContrafactum$1http://www.wikidata.org/entity/Q1783270$922210
=650  \0$aOratorio$1http://www.wikidata.org/entity/Q85477$91825
=650  \0$aRequiem$1http://www.wikidata.org/entity/Q51616$92858
=650  \0$aTheater$1http://www.wikidata.org/entity/Q24354$92225
=650  \0$aArchitecture$1http://www.wikidata.org/entity/Q12271$93185
=650  \0$aPastoral$1http://www.wikidata.org/entity/Q1472271$92271
=650  \0$aChristmas$1http://www.wikidata.org/entity/Q19809$92122
=650  \0$aOffertory$1http://www.wikidata.org/entity/Q21653515$926758
=650  \0$aGigue$1http://www.wikidata.org/entity/Q567915)$922835
=650  \0$aArticulation$1http://www.wikidata.org/entity/Q372923$922209
=650  \0$aArrangement$1http://www.wikidata.org/entity/Q379755$94282
=650  \0$aOrgan$1http://www.wikidata.org/entity/Q1444$92810
=651  \0$aGermany$1http://www.wikidata.org/entity/Q183$9155
=651  \0$aHamburg (Germany)$1http://www.wikidata.org/entity/Q1055$921940
=651  \0$aMunich (Germany)$1http://www.wikidata.org/entity/Q1726$9268
=651  \0$aKassel (Germany)$1http://www.wikidata.org/entity/Q2865$923932
=651  \0$aBamberg (Germany)$1http://www.wikidata.org/entity/Q3936$926746
=651  \0$aWürzburg (Germany)$1http://www.wikidata.org/entity/Q2999$924916
=651  \0$aSpain$1http://www.wikidata.org/entity/Q29$920983
=651  \0$aNorway$1http://www.wikidata.org/entity/Q20$921700
=651  \0$aWrocław (Poland)$1http://www.wikidata.org/entity/Q1799$921937
=700  \\$aMai, Paul$d1935-2022$4edt$914991
=942  \\$cBOO
=952  \\$00$10$2ddc$40$6REF_4_000000000000000_HABE$70$8REF$912482$aORPH$bORPH$cKM12_1$d2020-07-08$eKoopman$i37A07$l0$oREF4 HABE$p20120629$r2021-01-12 00:00:00$w2021-01-12$yBOO
=999  \\$d12499

