=LDR  01068cam a22002294a 4500
=001  12500
=005  20250120120344.0
=008  000104s2000\\\\enka\\\\\b\\\\001\0deng\\
=020  \\$a0521621836 (hardback)
=040  \\$aOI
=245  00$aLully studies /$cedited by John Hajdu Heyer.
=260  \\$aCambridge ;$aNew York :$bCambridge University Press,$c2000.
=300  \\$axix, 311 p. :$bill. ;$c24 cm.
=504  \\$aIncludes bibliographical references (p. 289-298) and index.
=600  \0$aLully, Jean-Baptiste$d1632-1687$1http://www.wikidata.org/entity/Q1192$95867
=700  \\$aHeyer, John Hajdu$914993
=856  \\$uhttp://www.loc.gov/catdir/samples/cam031/00020313.html$3Sample text
=856  \\$uhttp://www.loc.gov/catdir/description/cam021/00020313.html$3Publisher description
=856  \\$uhttp://www.loc.gov/catdir/toc/cam023/00020313.html$3Table of contents
=942  \\$cBOO
=952  \\$00$10$2ddc$40$6BIO_LULL_E$70$8BIO$912483$aORPH$bORPH$cKTS1_P$d2020-07-08$eKoopman$i37A08$l0$oBIO LULL e$p20120628$r2021-01-12 00:00:00$w2021-01-12$yBOO$OKoopman
=999  \\$c12500$d12500

