=LDR  01268cam a2200229 a 4500
=001  12501
=005  20250926135309.0
=008  920302s1990\\\\gw\acgh\\b\\\\001\0bger\\
=020  \\$a3525278101
=040  \\$aOI
=041  0\$agereng
=110  \\$aJoachim Jungius-Gesellschaft der Wissenschaften (Hamburg, Germany)$91733
=245  10$aCarl Philipp Emanuel Bach und die europäische Musikkultur des mittleren 18. Jahrhunderts :$bBericht über das Internationale Symposium der Joachim Jungius-Gesellschaft der Wissenschaften Hamburg, 29. September-2. Oktober 1988 /$cherausgegeben von Hans Joachim Marx.
=260  \\$aGöttingen :$bVandenhoeck & Ruprecht,$c1990.
=300  \\$a565 p. :$bill., ports., music, facsims. ;$c25 cm.
=504  \\$aIncludes bibliographical references and indexes.
=600  \0$aBach, Carl Philipp Emanuel$d1714-1788$1http://www.wikidata.org/entity/Q76428$99218
=700  \\$aMarx, Hans Joachim$d1935-$1http://www.wikidata.org/entity/Q18625182$912635
=942  \\$cBOO
=952  \\$00$10$2ddc$40$6BIO_BACH2_B$70$8BIO$912484$aORPH$bORPH$cKTS1_P$d2020-07-08$eKoopman$i37A14$oBIO BACH2 b$p20120622$r2021-01-12 00:00:00$w2021-01-12$yBOO
=999  \\$c12501$d12501
=490  \\$aVeröffentlichung der Joachim Jungius-Gesellschaft der Wissenschaften Hamburg ;$vNr. 62

