=LDR  01586aam a2200301   4500
=001  12502
=005  20250926134856.0
=008  240209s2007\\\\||||||||\||||\10|\0deng\d
=041  \\$aeng
=245  \\$aInternational Symposium Understanding Bach's B-minor Mass
=260  \\$aBelfast$bQueen's University$c2007
=300  \\$a2 volumes
=505  \\$gVolume I: Full Papers by the Speakers at the Symposium on 2, 3 and 4 November 2007 -- Discussion Book Volume II; Resource Book
=600  \0$aBach, Johann Sebastian$d1685-1750$1http://www.wikidata.org/entity/Q1339$94766
=648  \0$a18th Century (1701-1800)$1http://www.wikidata.org/entity/Q7015$920899
=650  \0$aH-Moll-Messe$1http://www.wikidata.org/entity/Q310549$927074
=650  \0$aMass$1http://www.wikidata.org/entity/Q217295$92735
=650  \0$aCatholicism$1http://www.wikidata.org/entity/Q1841$921631
=650  \0$aMusic history$1http://www.wikidata.org/entity/Q846047$921373
=651  \0$aGermany$1http://www.wikidata.org/entity/Q183$9155
=700  \\$aTomita, Yo$d1961-$1http://www.wikidata.org/entity/Q11457180$4edt$915000
=700  \\$aCrean, E.$4edt$927071
=700  \\$aMills, Ian$4edt$927072
=700  \\$aKovačević, Tanja$4edt$927073
=942  \\$cBOO
=952  \\$00$10$2ddc$3vol. 1$40$6BIO_BACH1_E$70$8BIO$912485$aORPH$bORPH$cKTS1_P$d2020-07-08$eKoopman$i37B08_01$oBIO BACH1 e$p20120606$r2021-01-12 00:00:00$w2021-01-12$yBOO
=952  \\$00$10$2ddc$3vol. 2$40$6BIO_BACH1_E$70$8BIO$912486$aORPH$bORPH$cKTS1_P$d2020-07-08$eKoopman$i37B08_02$oBIO BACH1 e$p20120605$r2021-01-12 00:00:00$w2021-01-12$yBOO
=999  \\$d12502

