=LDR  01411cam a2200313 a 4500
=001  12506
=005  20250926134856.0
=008  050324s2004\\\\ie\ag\\\\b\\\\101\0\eng\d
=010  \\$a  2005273682
=015  \\$aGBA4Y9252$2bnb
=016  7\$a007724638$2Uk
=020  \\$a1851828575
=035  \\$a(OCoLC)ocm55586623
=040  \\$aIEKBA$cIEKBA$dPIT$dCOD$dUKM$dOCLCQ$dDLC
=042  \\$alccopycat
=245  00$aBach studies from Dublin :$bselected papers presented at the ninth biennial conference on Baroque music, held at Trinity College Dublin from 12th to 16th July 2000 /$cedited by Anne Leahy & Yo Tomita.
=260  \\$aDublin :$bFour Courts Press,$cc2004.
=300  \\$a270 p. :$bill., music ;$c24 cm.
=504  \\$aIncludes bibliographical references and indexes.
=600  \0$aBach, Johann Sebastian$d1685-1750$1http://www.wikidata.org/entity/Q1339$94766
=650  \0$aMusic history$1http://www.wikidata.org/entity/Q846047$921373
=650  \0$aMusic history$1http://www.wikidata.org/entity/Q846047$921373
=700  \\$aLeahy, Anne$914999
=700  \\$aTomita, Yo$d1961-$915000
=942  \\$cBOO
=952  \\$00$10$2ddc$40$6BIO_BACH1_E$70$8BIO$912489$aORPH$bORPH$cKTS1_P$d2020-07-08$eKoopman$i37C09$oBIO BACH1 e$p20120581$r2021-01-12 00:00:00$w2021-01-12$yBOO
=999  \\$c12506$d12506
=490  \\$aIrish musical studies ;$v8
=648  \0$a17th Century (1601-1700)$1http://www.wikidata.org/entity/Q7016$920923

