=LDR  02629cam a2200373 i 4500
=001  12513
=005  20250120120342.0
=008  760818s1975\\\\enkacfg\\b\\\\010\0\eng\\
=015  \\$aGB76-13584
=020  \\$a0631158901 :$c£7.00
=040  \\$aOI
=041  \\$aeng
=100  \\$4dte$aWestrup, Jack Allen$d1904-1975$1http://www.wikidata.org/entity/Q6115732$915002
=245  00$aEssays on Opera and English Music in Honour of Sir Jack Westrup
=260  \\$aOxford$bBlackwell$c1975
=300  \\$ax-189 pages$bill., music, port. ;$c24 cm.
=504  \\$a"A bibliography of the published writings and music of Sir Jack Westrup": p. [177]-189.
=505  0\$aCorbin, S. The nuemes of the Martianus Capella manuscripts. -- Holschneider, A. Instrumental titles to the sequentiae of the Winchester Tropers. -- King, A. H. An English broadside of the 1520s. -- Kerman, J. Old and new in Byrd's Cantiones sacrae. -- Dennison, P. Purcell, the stylistic origins of the early church music. -- Fortune, N. Purcell, the domestic sacred music. -- Lewis, A. Some notes on editing Handel's Semele. -- Boetticher, W. Anticipations of dramatic monody in the late works of Lassus. -- Grout, D. J. The original version of Alessandro Scarlatti's Griselda. -- Dean, W. Handel's Sosarme, a puzzle opera. -- Abraham, G. The early development of opera in Poland. -- Wellesz, E. Beethoven's Fidelio and the Leonore overture no. 3. -- White, E. W. A note on opera at Oxford.
=600  \0$aByrd, William$d1539/40-1623$1http://www.wikidata.org/entity/Q208375$910065
=600  \0$aPurcell, Henry$d1659-1695$1http://www.wikidata.org/entity/Q9695$95840
=600  \0$aHandel, George Frideric$d1685-1759$1http://www.wikidata.org/entity/Q7302$94765
=600  \0$aScarlatti, Alessandro$d1660-1725$1http://www.wikidata.org/entity/Q183087$913800
=600  \0$aBeethoven, Ludwig van$d1770-1827$1http://www.wikidata.org/entity/Q255$95335
=650  \0$aOpera$1http://www.wikidata.org/entity/Q1344$92468
=650  \0$aMusic history$1http://www.wikidata.org/entity/Q846047$921373
=651  \0$aUnited Kingdom$1http://www.wikidata.org/entity/Q21$9273
=651  \0$aPoland$1http://www.wikidata.org/entity/Q36$996
=651  \0$aOxford (United Kingdom)$1http://www.wikidata.org/entity/Q34217$922237
=700  \\$aSternfeld, Frederick W.$d1914-1994$4edt$915003
=700  \\$aFortune, Nigel$4edt$910922
=700  \\$aOlleson, Edward$4edt$915004
=942  \\$cBOO
=952  \\$00$10$2ddc$40$6REF_4_000000000000000_WEST$70$8REF$912496$aORPH$bORPH$cKM12_1$d2020-07-08$eKoopman$i37D05$l1$oREF4 WEST$p20120553$r2022-02-23 00:00:00$s2022-02-07$w2021-01-12$yBOO
=999  \\$d12513

