=LDR  01356cam a22003014a 4500
=001  12514
=005  20250121142129.0
=008  050920s2004\\\\ne\a\\\\\b\\\\001\0cdut\\
=020  \\$a907750317X
=040  \\$aOI
=041  \\$adut
=245  00$aOnbreekbare burgerharten:$bde historie van Betje Wolff en Aagje Deken
=260  \\$aNijmegen$bVantilt$c2004
=300  \\$a223 pages$billustrations$c24 cm
=504  \\$aIncludes bibliographical references (p. [195]-217) and index.
=600  \0$aDeken, Aagje$d1741-1804$1http://www.wikidata.org/entity/Q255601$95922
=600  \0$aWolff, Betje$d1738-1804$1http://www.wikidata.org/entity/Q183007$95119
=648  \0$1http://www.wikidata.org/entity/Q7015$a18th Century (1701-1800)$920899
=650  \0$aWriter$1http://www.wikidata.org/entity/Q36180$93885
=650  \0$aFemale$1http://www.wikidata.org/entity/Q6581072$921764
=650  \0$aLiterature$1http://www.wikidata.org/entity/Q8242$94439
=650  \0$aBiography$1http://www.wikidata.org/entity/Q36279$91927
=651  \0$aNetherlands$1http://www.wikidata.org/entity/Q55$9173
=700  \\$aAltena, Peter$d1956-$4edt$915005
=700  \\$aEverard, Myriam$4edt$915006
=942  \\$cBOO
=952  \\$00$10$2ddc$40$6BIO_WOLF3_D$70$8BIO$912497$aORPH$bORPH$cKTS1_P$d2020-07-08$eKoopman$i37D08$l0$oBIO WOLF3 d$p20120550$r2021-01-12 00:00:00$w2021-01-12$yBOO
=999  \\$d12514

