=LDR  03121cam a2200229 a 4500
=001  12515
=008  961022s1996\\\\gw\a\\\\\b\\\\100\0\ger\d
=041  0\$ager$aeng
=100  \\$4edt$aSuppan, Wolfgang$d1933-2015$914312
=245  00$aKongressbericht Abony/Ungarn 1994
=260  \\$aTutzing $bSchneider$c1996
=300  \\$a509 pages$billustrations$c24 cm
=490  \\$aAlta musica $v18
=504  \\$aIncludes bibliographical references.
=505  \\$g- Elizabeth Anzenberger-Ramminger, Anton Friedrich, Leben und Werk.
- Friedrich Anzenberger, Naturtrompetenschulen im 19. Jahrhundert.
- Wilhelm Baethge, Die ästhethik von Blas- und Bläsermusik.
- Bastiaan Blomhert, The Harmonie Version of Beethoven's Seventh Symphony.
- Helmut Brenner, Politische und soziale Ursachen der Entstehung eines Ungarnbildes uns seine stereotypen Kontinuitäten in der Bladmusik Österreichs, Deutschlands und der Schweiz seit 1950.
- Eugen Brixel, Zur Frage der Blasorchester-Stimmung im k.(u.)k. Militär-musikwesen Österreich-Ungarns.
- Joachim Buch, Stadtmusik Waldkirch und Harmonie St. Michael Thorn - Skizzen zur Besetzungsentwichling zweier mittereuropäischer Sinfonischer Blasorchester.
- Raoul F. Camus, Some new tools in early American band research.
- Frank J. Cipolla, Patrick S. Gilmore : the Boston years and beyond.
- Robert M. Gifford, The American March. The development of a genre from the 18th century to the present.
- Bernhard Habla, Carl Maria von Webers Oberon-Ouverture in gedruckten Bearbeitungen für Bläser- und Blasorchesterbesetzungen.
- Manfred Heidler, Materialien zur Geschichte von Tenorhorn und Bariton
- Paula J. Holcomb, Oiseaux exotiques by Olivier Messiaen.
- Stephanus Jooste, The Württemberg Cape Regiment (1787-1791) and its musicians.
- Keith Kunder, Franz Litszt's Music for Chorus and Winds - the important works.
- Joachim Kremer, Satzstruktur und Klangfülle : das Quartett für vier Flöten im ausgehenden 18. Jahrhundert.
- Jana Lengova, Die Musiksammlung des Militärkapellmeisters Karl Kaspar Richter (1848-1902) in Trencin.
- Jon C. Mitchell, Was this Holst's first band work?
- Francis Pieters, The Synthetists
- Mark U. Reimer, Report on the Status of Research in the United States on American community bands
- Clyde S. Shive Jr., Harmoniemusik and the early wind band in the United States.
- Karl H. Vigl, Spuren klassisch-romantischer Formtradition in der Südtiroler Blasmusik.
- David Whitwell, Improvisation in Harmoniemusik Literature.
- Heinrich Zwittkovots, Die musikalischen Verbände im österreichischen Ständestaat und ihre Printmedien ; eine Beitrag zur Musikpolitik.
=650  \0$aWind instrument$1http://www.wikidata.org/entity/Q173453$94615
=650  \0$aMusic history$1http://www.wikidata.org/entity/Q846047$921373
=650  \0$aMarch$1http://www.wikidata.org/entity/Q211025$922862
=710  \\$aInternationale Gesellschaft zur Erforschung und Förderung der Blasmusik$4edt$91734
=942  \\$cBOO
=952  \\$00$10$2ddc$40$6INS_7D_SUPP$70$8INS$912498$aORPH$bORPH$cKTS0$d2020-07-08$eKoopman$i37D11$oINS7d SUPP$p20120546$r2021-01-12 00:00:00$w2021-01-12$yBOO
=999  \\$d12515

