=LDR  01239nam a2200265 c 4500
=001  12519
=005  20250120120941.0
=008  090904s2008\\\\xxkadgl\\||||\00|||\eng\d
=020  \\$a0521081963
=040  \\$aOI
=041  0\$aeng
=100  \\$aAnthony, James R.$d1922-2001$1http://www.wikidata.org/entity/Q104502209$4dte$912833
=245  10$aJean-Baptiste Lully and the Music of the French Baroque:$bEssays in Honor of James R. Anthony
=260  \\$aCambridge$bCambridge University Press$c2008
=300  \\$a328 pages$billustrations, music examples
=504  \\$aIncludes bibliographical references and index
=600  \0$aLully, Jean-Baptiste$d1632-1687$1http://www.wikidata.org/entity/Q1192$95867
=648  \0$a17th Century (1601-1700)$1http://www.wikidata.org/entity/Q7016$920923
=650  \0$aComposer$1http://www.wikidata.org/entity/Q36834$93625
=650  \0$aMusic history$1http://www.wikidata.org/entity/Q846047$921373
=651  \0$aFrance$1http://www.wikidata.org/entity/Q142$9131
=700  \\$aHeyer, John Hajdu$d1945-$4edt$927361
=942  \\$cBOO
=952  \\$00$10$2ddc$40$6BIO_LULL_E$70$8BIO$912502$aORPH$bORPH$cKTS1_P$d2020-07-08$eKoopman$i37E05$oBIO LULL e$p20122456$r2021-01-12 00:00:00$w2021-01-12$yBOO$OKoopman
=999  \\$d12519

