=LDR  01966cam a2200325 i 4500
=001  12520
=005  20250821130544.0
=008  800606s1979\\\\gw\g\\\\\b\\\\100\0\ger\\
=020  \\$a3795202604 :$cDM95.00
=040  \\$aOI
=041  \\$ager
=245  10$aColloquium Alessandro Scarlatti:$bWürzburg 1975
=260  \\$aTutzing$bSchneider$c1979
=300  \\$av-258 pages$bmusic$c24 cm
=490  0\$aWürzburger musikhistorische Beiträge$v7
=504  \\$aIncludes bibliographical references.
=505  \\$gEinleitung / Wolfgang Osthoff -- Funktionen des Operntheaters in Neapel bis 1700 und die Rolle Alessandro Scarlattis / Lorenzo Bianconi -- Die Dacapo-Arie des frühen Scarlatti und die Entstehung des Vivaldischen Konzerttypus / Jutta Ruile-Dronke -- Zur Behandlung des stile osservato in Alessandro Scarlattis Kirchenmusik / Wolfgang Witzenmann -- Alessandro Scarlatti und das Settecento / Reinhard Strohm -- Alessandro Scarlatti und die Musikkomödie / Helmut Hucke -- Eine unbeachtete Quelle zu Alessandro Scarlattis Orgelmusik / Gerhard Doderer -- Notenanhang
=600  \0$aScarlatti, Alessandro$d1660-1725$1http://www.wikidata.org/entity/Q183087$913800
=648  \0$a17th Century (1601-1700)$1http://www.wikidata.org/entity/Q7016$920923
=648  \0$a18th Century (1701-1800)$1http://www.wikidata.org/entity/Q7015$920899
=650  \0$aComposer$1http://www.wikidata.org/entity/Q36834$93625
=650  \0$aOpera$1http://www.wikidata.org/entity/Q1344$92468
=650  \0$aOratorio$1http://www.wikidata.org/entity/Q85477$91825
=650  \0$aOrgan music$1http://www.wikidata.org/entity/Q2003283$91951
=651  \0$aItaly$1http://www.wikidata.org/entity/Q38$922
=700  \\$aOsthoff, Wolfgang$4edt$916234
=700  \\$aRuile-Dronke, Jutta$4edt$915007
=942  \\$cBOO
=952  \\$00$10$2ddc$40$6BIO_SCAR1_E$70$8BIO$912503$aORPH$bORPH$cKTS1_P$d2020-07-08$eKoopman$i37E07$l0$oBIO SCAR1 e$p20122454$r2021-01-12 00:00:00$w2021-01-12$yBOO$OKoopman
=999  \\$d12520

