=LDR  00781cam a2200181 i 4500
=001  12521
=008  760923s1976\\\\enkc\\\\\b\\\\001\0deng\|
=041  \\$aeng
=100  \\$aSchönzeler, Hans-Hubert$d1925-1997$1http://www.wikidata.org/entity/Q15452323$4edt$915008
=245  00$aOf German music.$bA symposium
=260  \\$aLondon$bO. Wolff$aNew York$bBarnes & Noble Books$c1976
=300  \\$a328 pages
=504  \\$aBibliography: p. [323]-324.
=650  \0$aMusic history$1http://www.wikidata.org/entity/Q846047$921373
=651  \0$aGermany$1http://www.wikidata.org/entity/Q183$9155
=942  \\$cBOO
=952  \\$00$10$2ddc$40$6TOP_DE_0_000000000000000$70$8TOP$912504$aORPH$bORPH$cKTS0$d2020-07-08$eKoopman$i37E08$l0$oTOP DE 0$p20122453$r2021-01-12 00:00:00$w2021-01-12$yBOO$OKoopman
=999  \\$d12521

