=LDR  01334nam a2200277 a 4500
=001  12522
=005  20250807154539.0
=008  980826m199u9999gw\a\\\\\b\\\\100\0\eng\\
=020  \\$a3896650351 (v. 2)
=040  \\$aOI
=245  00$aZelenka-Studien II:$bReferate und Materialien der 2. Internationalen Fachkonferenz Jan Dismas Zelenka (Drensden und Prag 1995)
=260  \\$aSankt Augustin$bAcademia$c1997
=300  \\$av. <2   > :$bill. ;$c25 cm.
=490  \\$aDeutsche Musik im Osten$v12
=504  \\$aIncludes bibliographical references.
=505  1\$a    -- II. Referate und Materialien der 2. Internationalen Fachkonferenz Jan Dismas Zelenka (Dresden und Prag 1995).
=546  \\$aPrincipally in German.
=600  \0$aZelenka, Jan Dismas$d1679-1745$1http://www.wikidata.org/entity/Q157777$915627
=648  \0$a18th Century (1701-1800)$1http://www.wikidata.org/entity/Q7015$920899
=650  \0$aMusic history$1http://www.wikidata.org/entity/Q846047$921373
=651  \0$aDresden (Germany)$1http://www.wikidata.org/entity/Q1731$947
=700  \\$aReich, Wolfgang$d1927-2015$4edt$911684
=700  \\$aGattermann, Günter$4edt$915010
=942  \\$cBOO
=952  \\$00$10$2ddc$40$6BIO_ZELE_E$70$8BIO$912505$aORPH$bORPH$cKTS1_P$d2020-07-08$eKoopman$i37E09$l0$oBIO ZELE e$p20122452$r2021-01-12 00:00:00$w2021-01-12$yBOO
=999  \\$c12522$d12522

