=LDR  01686aas a2200253   4500
=001  12524
=008  220502i19661975|||a||||\||||\00|\0\dut\d
=041  \\$adut
=245  \\$aJaarboek van het Koninklijk Museum voor Schone Kunsten te Antwerpen
=260  \\$aAntwerp$bKoninklijk Museum voor Schone Kunsten$c1966; 1967; 1969; 1970; 1975
=300  \\$a5 vols. (...+334+352+308+304 pages)
=610  \0$aKoninklijk Museum voor Schone Kunsten Antwerp (Belgium)$1http://www.wikidata.org/entity/Q1471477$91773
=650  \0$aMusic$92062
=650  \0$aFine art$1http://www.wikidata.org/entity/Q219625$921579
=651  \0$aAntwerp (Belgium)$1http://www.wikidata.org/entity/Q12892$920974
=700  \\$4edt$aGepts, G.$924052
=700  \\$4edt$aMonballieu, A.$924053
=942  \\$cBOO
=952  \\$00$10$2ddc$31966$40$6VIS_KMSK$70$8VIS$912507$aORPH$bORPH$cKTS1_H$d2020-07-08$eKoopman$i37E20$oVIS KMSK$p20120520$r2021-01-12 00:00:00$w2021-01-12$yBOO
=952  \\$00$10$2ddc$31967$40$6TOP_BE_ANT_7_000000000000000$70$8TOP$912508$aORPH$bORPH$cKTS0$d2020-07-08$eKoopman$i37E21$oTOP BE.ANT 7$p20120519$r2021-01-12 00:00:00$w2021-01-12$yBOO
=952  \\$00$10$2ddc$31969$40$6TOP_BE_ANT_7_000000000000000$70$8TOP$912509$aORPH$bORPH$cKTS0$d2020-07-08$eKoopman$i37E22$oTOP BE.ANT 7$p20120518$r2021-01-12 00:00:00$w2021-01-12$yBOO
=952  \\$00$10$2ddc$31970$40$6TOP_BE_ANT_7_000000000000000$70$8TOP$912510$aORPH$bORPH$cKTS0$d2020-07-08$eKoopman$i37E23$oTOP BE.ANT 7$p20120517$r2021-01-12 00:00:00$w2021-01-12$yBOO
=952  \\$00$10$2ddc$31975$40$6TOP_BE_ANT_7_000000000000000$70$8TOP$912511$aORPH$bORPH$cKTS0$d2020-07-08$eKoopman$i37E24$oTOP BE.ANT 7$p20120516$r2021-01-12 00:00:00$w2021-01-12$yBOO
=999  \\$d12524

