=LDR  00792cam a2200193 a 4500
=001  12531
=005  20250905114721.0
=008  980407s1997\\\\ne\a\\\\\b\\\\001\0\dut\c
=020  \\$a9065505644
=040  \\$aOI
=100  \\$4edt$aJansen, Jeroen$eEditor$911289
=245  00$aOmnibus idem:$bopstellen over P. C. Hooft ter gelegenheid van zijn driehonderdvijftigste sterfdag
=260  \\$aHilversum$bVerloren$c1997
=300  \\$a198 p. :$bill. ;$c24 cm.
=504  \\$aIncludes bibliographical references and index.
=600  \0$aHooft, P. C.$d1581-1647$1http://www.wikidata.org/entity/Q10914484$95139
=942  \\$cBOO$2ddc
=952  \\$00$10$2ddc$40$6BIO_HOOF_E$70$8BIO$912514$aORPH$bORPH$cKTS1_P$d2020-07-08$eKoopman$i37E29$l0$oBIO HOOF e$p20120509$r2021-01-12 00:00:00$w2021-01-12$yBOO
=999  \\$c12531$d12531

