=LDR  01460cam a2200301 a 4500
=001  12533
=005  20250121142129.0
=008  030530s2002\\\\pl\a\\\\\b\\\\101\0dger\\
=020  \\$z8390466905
=040  \\$aOI
=041  0\$ager$aeng$aita
=245  00$aJohann Adolf Hasse in seiner Epoche und in der Gegenwart:$bStudien zur Stil- und Quellenproblematik
=260  \\$aWarszaw$bInstytut Muzykologii Uniwersytetu Warszawskiego$c2002
=300  \\$a234 pages$billustrations$c24 cm
=490  \\$aStudia et dissertationes Instituti Musicologiæ Universitatis Varsoviensis$v12
=504  \\$aIncludes bibliographical references and indexes.
=546  \\$aChiefly in German, with some contributions in English and Italian.
=600  \0$aHasse, Johann Adolf$d1699-1783$1http://www.wikidata.org/entity/Q164732$94966
=648  \0$1http://www.wikidata.org/entity/Q7015$a18th Century (1701-1800)$920899
=650  \0$1http://www.wikidata.org/entity/Q36834$aComposer$93625
=650  \0$1http://www.wikidata.org/entity/Q1344 $aOpera$92468
=650  \0$1http://www.wikidata.org/entity/Q1791660$aReception$925021
=650  \0$1http://www.wikidata.org/entity/Q623282$aLegacy$922131
=700  \\$aPaczkowski, Szymon$4edt$915015
=700  \\$aWitkowska, Alina$4edt$915016
=942  \\$cBOO
=952  \\$00$10$2ddc$40$6BIO_HASS2_E$70$8BIO$912516$aORPH$bORPH$cKTS1_P$d2020-07-08$eKoopman$i38A06$l0$oBIO HASS2 e$p20122444$r2021-01-12 00:00:00$w2021-01-12$yBOO$OKoopman
=999  \\$d12533

