=LDR  02008aam a2200325   4500
=001  12535
=008  230831s1972\\\\||||||||\||||\00|\0dita\d
=041  \\$aita
=245  \\$aStudi Corelliani.$bAtti del primo congresso internazionale (Fusignano, 5-8 settembre 1968)$nI
=260  \\$aFlorence$bOlschki$c1972
=490  \\$aQuaderni della Rivista Italiana di Musicologia$v3
=505  \\$gCorelli et la France / M. Pincherlé -- Aspetti dei rapporti tra Corelli e la scuola bolognese / O. Mischiati -- Corelli e il violinismo bolognese / A. Cavicchi -- Unveröffentlichte Kompositionen A. Corellis / H. J. Marx -- Corelli und die Corellisierenden Sonaten Telemanns / L. Finscher -- Tartini e Corelli. Preliminiari per l'impostazione di un problema / P. Petrobelli
=600  \0$1http://www.wikidata.org/entity/Q164475$aCorelli, Arcangelo$d1653-1713$95351
=600  \0$1http://www.wikidata.org/entity/Q75854$aTelemann, Georg Philipp$d1681-1767$99287
=648  \0$1http://www.wikidata.org/entity/Q7016$a17th Century (1601-1700)$920923
=648  \0$1http://www.wikidata.org/entity/Q7015$a18th Century (1701-1800)$920899
=650  \0$1http://www.wikidata.org/entity/Q36834$aComposer$93625
=650  \0$1http://www.wikidata.org/entity/Q1791660$aReception$925021
=650  \0$1http://www.wikidata.org/entity/Q846047$aMusic history$921373
=650  \0$1http://www.wikidata.org/entity/Q8355$aViolin$92783
=650  \0$1http://www.wikidata.org/entity/Q131269$aSonata$921653
=651  \0$1http://www.wikidata.org/entity/Q1891$aBologna (Italy)$921973
=651  \0$1http://www.wikidata.org/entity/Q220$aRome (Italy)$949
=651  \0$1http://www.wikidata.org/entity/Q142$aFrance$9131
=700  \\$4edt$aCavicchi, A.$926451
=700  \\$4edt$aMischiati, Oscar$912792
=700  \\$4edt$aPetrobelli, Pierluigi$913245
=942  \\$cBOO
=952  \\$00$10$2ddc$40$6BIO_CORE_E$70$8BIO$912518$aORPH$bORPH$cKTS1_P$d2020-07-08$eKoopman$i38A08$l0$oBIO CORE e$p20122442$r2021-01-12 00:00:00$w2021-01-12$yBOO$OKoopman
=999  \\$d12535

