=LDR  01451aam a2200277   4500
=001  12536
=005  20251103101723.0
=008  250617s1988\\\\|||ag|||\b|||\101\0cmul\d
=041  \\$aita$aeng$afre
=245  \\$aMusicisti nati in Puglia ed emigrazione musicale tra Seicento e Settecento.$bAtti del Convegno Internazionale di Studi Lecce, 6-8 dicembre 1985
=260  \\$aRome$bTorre d'Orfeo$c1988
=300  \\$a454 pages
=490  \\$aMiscellanea Musicologica$v5
=648  \0$a17th Century (1601-1700)$1http://www.wikidata.org/entity/Q7016$920923
=648  \0$a18th Century (1701-1800)$1http://www.wikidata.org/entity/Q7015$920899
=650  \0$aMusic history$1http://www.wikidata.org/entity/Q846047$921373
=650  \0$aComposer$1http://www.wikidata.org/entity/Q36834$93625
=650  \0$aLegacy$1http://www.wikidata.org/entity/Q623282$922131
=650  \0$aInfluence$1http://www.wikidata.org/entity/Q1307337$1http://www.wikidata.org/entity/Q16578639$922289
=650  \0$aTravel$1http://www.wikidata.org/entity/Q61509$94440
=650  \0$aBibliography$1http://www.wikidata.org/entity/Q134995$93965
=651  \0$aApulia (Italy)$1http://www.wikidata.org/entity/Q1447$925448
=651  \0$aEurope$1http://www.wikidata.org/entity/Q46$991
=942  \\$cBOO
=952  \\$00$10$2ddc$40$6TOP_IT_APU_5_000000000000000$70$8TOP$912519$aORPH$bORPH$cKTS0$d2020-07-08$eKoopman$i38A09$l0$oTOP IT.APU 5$p20122441$r2021-01-12 00:00:00$w2021-01-12$yBOO$OKoopman
=999  \\$d12536

