=LDR  02946    a2200265   4500
=001  12537
=008  211104s2005\\\\nl\afg||\||||\00|\0\eng\d
=020  \\$a9072786122
=041  \\$aeng
=100  \\$aLasocki, David$4edt$919116
=110  \\$aSTIMU (Netherlands)$1http://www.wikidata.org/entity/Q122866062$4edt$922956
=245  \\$aMusicque de Joye.$bProceedings of the International Symposium on the Renaissance Flute and Recorder Consort, Utrecht 2003
=260  \\$c2005$aUtrecht$bStimu
=300  \\$a549 pages
=505  \\$gThe recorder in fifteenth-century consorts / Keith Polk
The idea of 'Consort' in the sixteenth century / Herbert W. Myers
Renaissance transverse flutes : a re-examination of the surviving instruments / Boaz Berney
An overview of the surviving Renaissance recorders / Adrian Brown
New light on the early recorders in the Sammlung alter Musikinstrumente of the Kunsthistorisches Museum, Vienna, and their Provenance / Beatrix Darmstädter
The recorders of the Accademia Filarmonica di Bologna / Marco Tiella
Attaingnant, intonation in flute consorts, and hexachord theory; or, why I am a confirmed Ut-re-mi-fa-so-la-rist / Anne Smith
In search of the sound of a Fiffera / Nancy Hadden
The recorder consort ca. 1500 : pictures, extant instruments, and repertoire / Ita Hijmans
The recorder consort in the sixteenth century : dealing with the embarrassment of riches / Peter Van Heyghen
Music in the Studiolo and Kunstkammer of the Renaissance, with passing glances at flutes and recorders / Eva Legêne
Tracing the lives of players and makers of the flute and recorder in the Renaissance / David Lasocki
What do original instruments teach us? / Barthold Kuijken
Imperative of historical information in performance or performers' choice? / David Lasocki
Instruments, repertoire, and performance : the interaction / Dina Titan
A listing of inventories and purchases of flutes, recorders, flageolets, and tabor pipes, 1388-1630 / David Lasocki
An important case study : the Augsburg Futteral / Herbert W. Myers with Boaz Berney and Adrian Brown
A bibliography of writings about Medieval and Renaissance flutes / David Lasocki
A list of surviving Renaissance recorders / Adrian Brown
=648  \0$a15th Century (1401-1500)$1http://www.wikidata.org/entity/Q7018$921015
=648  \0$a16th Century (1501-1600)$1http://www.wikidata.org/entity/Q7017$920944
=648  \0$a17th Century (1601-1700)$1http://www.wikidata.org/entity/Q7016$920923
=650  \0$aFlute$1http://www.wikidata.org/entity/Q11405$921276
=650  \0$aMusic history$1http://www.wikidata.org/entity/Q846047$921373
=650  \0$aRecorder$1http://www.wikidata.org/entity/Q187851$91903
=650  \0$aIconography$1http://www.wikidata.org/entity/Q208145$921259
=942  \\$cBOO
=952  \\$00$10$2ddc$40$6INS_6_000000000000000_2D_LASO$70$8INS$912520$aORPH$bORPH$cKTS0$d2020-07-08$eKoopman$i38A11$oINS6.2d LASO$p20122439$r2021-01-12 00:00:00$w2021-01-12$yBOO
=999  \\$d12537

