=LDR  01040cam a2200241 a 4500
=001  12539
=005  20250120120013.0
=008  930114s1992\\\\au\a\\\\\b\\\\100\0\ger\\
=020  \\$a3201015652
=040  \\$aOI
=041  \\$ager
=100  \\$4edt$aFlotzinger, Rudolf$d1939-$1http://www.wikidata.org/entity/Q115168$99144
=245  00$aJ.J. Fux-Symposium Graz '91:$bBericht
=260  \\$aGraz$bAkademische Druck- und Verlagsanstalt$c1992.
=300  \\$a149 p. :$bill. ;$c24 cm.
=490  \\$aGrazer musikwissenschaftliche Arbeiten$v9
=600  \0$aFux, Johann Joseph$d1660-1741$1http://www.wikidata.org/entity/Q311378$910900
=648  \0$a17th Century (1601-1700)$1http://www.wikidata.org/entity/Q7016$920923
=650  \0$aMusic history$1http://www.wikidata.org/entity/Q846047$921373
=651  \0$aAustria$1http://www.wikidata.org/entity/Q40$9202
=942  \\$cBOO
=952  \\$00$10$2ddc$40$6BIO_FUX_E$70$8BIO$912522$aORPH$bORPH$cKTS1_P$d2020-07-08$eKoopman$i38A17$l0$oBIO FUX e$p20122433$r2021-01-12 00:00:00$w2021-01-12$yBOO
=999  \\$c12539$d12539

