=LDR  01264nam a22002895a 4500
=001  12540
=005  20250121142129.0
=008  961213s1996\\\\it\\\\\\\\\\\\000\0\ita\\
=020  \\$a8822244427$cL90000
=040  \\$aOI
=041  \\$aita
=100  \\$4edt$aLa Via, Stefano$913658
=245  00$aStudi Corelliani.$bAtti del quinto congresso internazionale (Fusignano, 9-11 settembre 1994)$pV
=260  \\$aFlorence$bOlschki$c1996
=300  \\$a459 pages
=490  \\$aQuaderni della rivista italiana di musicologia$v33
=500  \\$aProceedings.
=500  \\$aOn t.p.: Sotto il patrocinio della Società italiana di musicologia.
=500  \\$aArcangelo Corelli (1653-1713).
=600  \0$1http://www.wikidata.org/entity/Q164475$aCorelli, Arcangelo$d1653-1713$95351
=648  \0$1http://www.wikidata.org/entity/Q7016$a17th Century (1601-1700)$920923
=648  \0$1http://www.wikidata.org/entity/Q7015$a18th Century (1701-1800)$920899
=650  \0$1http://www.wikidata.org/entity/Q36834$aComposer$93625
=651  \0$1http://www.wikidata.org/entity/Q38$aItaly$922
=942  \\$cBOO
=952  \\$00$10$2ddc$40$6BIO_CORE_E$70$8BIO$912523$aORPH$bORPH$cKTS1_P$d2020-07-08$eKoopman$i38A24$l0$oBIO CORE e$p20122427$r2021-01-12 00:00:00$w2021-01-12$yBOO$OKoopman
=999  \\$d12540

