=LDR  01548aam a2200229   4500
=001  12542
=008  230918s2004\\\\|||o||||\||||\00|\0\ger\d
=020  \\$a9783937602233
=041  \\$ager
=100  \\$1http://www.wikidata.org/entity/Q1372254$4edt$aHeinemann, Michael$d1959-$99472
=245  \\$aDresden - Venedig. Stationen einer musikgeschichtlichen Beziehung
=260  \\$c2004$aDresden$bSandstein
=300  \\$a80 pages
=505  \\$gDresden, Venedig / Michael Heinemann -- Venezianer Lehren : Heinrich Schütz und Giovanni Gabrieli / Holger Eichhorn -- Musiktheater nach italienischem Vorbild / Michael Heinemann -- Das Vorbild italien : Johann Adolf Hasse und das Musiktheater am Sächsischen Hof im 18. Jahrhundert / Panja Mücke -- Per l'orchestra di Dresda : Vivaldi in der höfischen Musikpflege Dresdens / Karl Heller -- Junges Musikpodium Dresden, Venedig / Edeltraud Ulrike Gondolatsch
=650  \0$1http://www.wikidata.org/entity/Q846047$aMusic history$921373
=650  \0$aInfluence$1http://www.wikidata.org/entity/Q1307337$1http://www.wikidata.org/entity/Q16578639$922289
=651  \0$1http://www.wikidata.org/entity/Q1731$aDresden (Germany)$947
=651  \0$1http://www.wikidata.org/entity/Q641$aVenice (Italy)$91
=710  \\$aHochschule für Musik "Carl Maria von Weber" (Dresden, Germany)$1http://www.wikidata.org/entity/Q468181$91735
=942  \\$cBOO
=952  \\$00$10$2ddc$40$6TOP_DE_DRE$70$8TOP$912525$aORPH$bORPH$cKTS0$d2020-07-08$eKoopman$i38A32$l0$oTOP DE.DRE$p20122420$r2021-01-12 00:00:00$w2021-01-12$yBOO$OKoopman
=999  \\$d12542

