=LDR  01320cam a22002894a 4500
=001  12543
=005  20250318124442.0
=008  061222s2005\\\\gw\ag\\\\b\\\\100\0\ger\c
=010  \\$a  2007385110
=020  \\$a9783937602523
=040  \\$aOI
=041  \\$ager
=245  00$aWilhelm Friedemann Bach:$bder streitbare Sohn
=260  \\$aDresden$bSandstein$c2005
=300  \\$a118 pages$billustrations, music$c25 cm
=504  \\$aIncludes bibliographical references (p. 111-113).
=600  \0$aBach, Wilhelm Friedemann$d1710-1784$1http://www.wikidata.org/entity/Q107277$99331
=648  \0$a18th Century (1701-1800)$1http://www.wikidata.org/entity/Q7015$920899
=650  \0$aComposer$1http://www.wikidata.org/entity/Q36834$93625
=650  \0$aBiography$1http://www.wikidata.org/entity/Q36279$91927
=651  \0$aGermany$1http://www.wikidata.org/entity/Q183$9155
=700  \\$aHeinemann, Michael$d1959-$1http://www.wikidata.org/entity/Q1372254$4edt$99472
=700  \\$aStrodthoff, Jörg$4edt$915018
=710  \\$aHochschule für Musik "Carl Maria von Weber" (Dresden, Germany)$1http://www.wikidata.org/entity/Q468181$4edt$91735
=942  \\$cBOO
=952  \\$00$10$2ddc$40$6BIO_BACH12_D$70$8BIO$912526$aORPH$bORPH$cKTS1_P$d2020-07-08$eKoopman$i38A35$oBIO BACH12 d$p20122418$r2021-01-12 00:00:00$w2021-01-12$yBOO
=999  \\$d12543

