=LDR  01826cam a2200229 a 4500
=001  12544
=008  090410s2008\\\\gw\ag\\\\b\\\\100\0\ger\d
=041  0\$ager$aeng
=110  \\$aTage Alter Musik in Herne (Herne, Germany)$1http://www.wikidata.org/entity/Q2387823$922695
=245  10$a"... in Liebe zerflossenes Gefühl ...". Die Klarinette.$bSymposium im Rahmen der 30. Tage Alter Musik in Herne 2005
=260  \\$aMünchen $bKatzbichler$c2008
=300  \\$a135 pages$bill., music$c24 cm.
=504  \\$aIncludes bibliographical references.
=505  \\$gEnico Weller, Vogtländischer Klarinettenbau in der ersten Hälfte des 19. Jahrhunderts.
Deborah Check Reeves, Made in the USA: A comparitive study of clarinets by Graves and Company, Winchester, New Hampshire.
Andreas Schöni, Zum Einfluss des Mundstücks auf Tonhöhe und Stimmung der Klarinette.
Kurt Birsak, Zur Geschichte des vollen Klarinettentones.
Albert R. Rice, The clarinet d'amour and its place in the family of large sized clarinets.
Richard Maunder, J.C. Bach and the clarinet.
Udo Sirker, "... ach, wenn wir nur auch clarinetti hätten!" Zur Verwendung von Klarinetten in Harmoniemusiken Mozarts und Beethovens. 
Klaus Aringer, Carl Maria von Webers Klarinettenquintett, Mozart als Vorbild?
Nicholas Shackleton, A clarinet corresponding to the 1842 patent of Adolphe Sax.
=546  \\$a5 German, 4 English contributions.
=650  \0$aClarinet$1http://www.wikidata.org/entity/Q8343$92937
=650  \0$aMusic history$1http://www.wikidata.org/entity/Q846047$921373
=700  \\$aAhrens, Christian$d1943-$4edt$99058
=700  \\$aKlinke, Gregor$4edt$99060
=942  \\$cBOO
=952  \\$00$10$2ddc$40$6INS_6_000000000000000_4D_AHRE$70$8INS$912527$aORPH$bORPH$cKTS0$d2020-07-08$eKoopman$i38A36$oINS6.4d AHRE$p20122417$r2021-01-12 00:00:00$w2021-01-12$yBOO
=999  \\$d12544

