=LDR  01938cam a22002654a 4500
=001  12545
=005  20250109133339.0
=008  050113s2005\\\\nyua\\\\\b\\\\001\0deng\\
=020  \\$a1576471063
=020  \\$a9781576471067
=040  \\$aOI
=245  00$aTielman Susato and the music of his time :$bprint culture, compositional technique and instrumental music in the Renaissance /$cKeith Polk, editor.
=260  \\$aHillsdale, N.Y. :$bPendragon Press,$cc2005.
=300  \\$axiii, 208 p. :$bill. ;$c24 cm.
=504  \\$aIncludes bibliographical references and index.
=505  0\$aSusato : his career and biography. New insights into the career and musical contributions of Tielman Susato / Kristine K. Forney ; Tielman Susato and Sweden ; the Swedish evidence, 1555-1570 / Ardis Grosjean -- Instrumental music in Susato's time. Susato and instrumental music in Flanders in the 16th century / Keith Polk ; Hans Nagel, performer and spy in England and Flanders (c1490-1531) / Bruno Bouckaert and Eugeen Schreurs ; Susato's colleagues : the trombonists of the Tudor court / Trevor Herbert ; The new economy and instrumental music of the Renaissance / John Kmetz -- Print culture and compositional technique. Tielman Susato, music, and the cultures of print / Kate van Orden ; Susato's Le septiesme livre (1545) and the persistence of exact canon / Peter Urquhart ; Epilogue : Susato and music for instrumental performance / Keith Polk.
=600  10$aSusato, Tielman,$dactive 1529-1561.
=650  \0$y16th century
=700  1\$aPolk, Keith.
=856  \\$uhttp://www.loc.gov/catdir/toc/ecip056/2005001071.html$3Table of contents
=952  \\$00$10$2ddc$40$6BIO_SUSA_D$70$8BIO$912528$aORPH$bORPH$cKTS1_P$d2020-07-08$eKoopman$i38A40$l0$oBIO SUSA d$p20122414$r2021-01-12 00:00:00$w2021-01-12$yBOO$OKoopman
=999  \\$c12545$d12545
=490  \\$aBucina ;$vno. 5
=650  \0$aMusic history$1http://www.wikidata.org/entity/Q846047$921373
=942  \\$cBOO

