=LDR  01475aam a2200241   4500
=001  12549
=008  231123s1962\\\\nl\d||||\||||\00|\0\dut\d
=041  \\$adut
=100  \\$aVarious$1http://www.wikidata.org/entity/Q2395116$4aut$94793
=245  \\$aBibliotheekleven. Opstellen op het gebied van bibliotheekwezen aangeboden door vakgenoten aan Prof. Dr. L. Brummel bij zijn afscheid als bibliothecaris van de Koninklijke Bibliotheek te 's-Gravenhage
=246  \1$aEssays presented by colleagues to Prof. Dr. L. Brummel on the occasion of his retirement as Chief Librarian of the Royal Library at The Hague
=260  \\$c1962$aThe Hague
=300  \\$a379 - 667 pages
=590  \\$aOnder redactie van Th.P. Loosjes, J. van Dam, drs. S.T. Groenman, dr. A.J. de Mooy, mej. V.F.H.E. van Schaik, mej. L.D> Woltjer
=610  \0$aKoninklijke Bibliotheek (The Hague, Netherlands)$1http://www.wikidata.org/entity/Q1526131$91254
=650  \0$aBibliophilia$1http://www.wikidata.org/entity/Q214719$921630
=650  \0$aLibrary$1http://www.wikidata.org/entity/Q7075$94229
=651  \0$aThe Hague (Netherlands)$1http://www.wikidata.org/entity/Q36600$910
=700  \\$aBrummel, Leendert$1http://www.wikidata.org/entity/Q2395116$4dte$926747
=700  \\$aLoosjes, Th.P.$4edt$939251
=942  \\$cBOO
=952  \\$00$10$2ddc$40$6BIB_1_000000000000000_BRUM$70$8BIB$912532$aORPH$bORPH$cKTS0$d2020-07-08$eKoopman$i38B19$l0$oBIB1 BRUM$p20120456$r2021-01-12 00:00:00$w2021-01-12$yBOO$OKoopman
=999  \\$d12549

