=LDR  00820aam a2200205   4500
=001  12550
=008  241209s1991\\\\||||||||\||||\00|\0\dut\d
=020  \\$a9061532507
=041  \\$adut
=245  \\$aVlaanderen en Portugal.$bOp de golfslag van twee culturen
=260  \\$c1991$aAntwerp$bMercatorfonds
=300  \\$a376 pages
=650  \0$aCultural history$1http://www.wikidata.org/entity/Q858517$922395
=651  \0$aFlanders (Belgium)$1http://www.wikidata.org/entity/Q234$989
=651  \0$aLisbon (Portugal)$1http://www.wikidata.org/entity/Q597$9249
=700  \\$aEveraert, John$4edt$939278
=700  \\$aStols, Eddy$4edt$939279
=942  \\$cBOO
=952  \\$00$10$2ddc$40$6TOP_BE_FLA$70$8TOP$912533$aORPH$bORPH$cKTS0$d2020-07-08$eKoopman$i38C29$l0$oTOP BE.FLA$p20120420$r2021-01-12 00:00:00$w2021-01-12$yBOO$OKoopman
=999  \\$d12550

