=LDR  01074aam a2200241   4500
=001  12551
=005  20251023120114.0
=008  251023s1990\\\\|||foa||\bc||\00|\0\ita\d
=041  \\$aita
=100  \\$aMarchini, Gian Paolo$4edt$941651
=245  \\$aTesori delle Fondazioni artistiche italiane
=260  \\$c1990$aVerona$bFondazione Museo Miniscalchi-Erizzo
=300  \\$a120 pages
=500  \\$aExhibition Catalogue
=590  \\$aMostra Verona, 30 Marzo - 1 Maggio 1990
=610  \0$aMuseo Miniscalchi-Erizzo.$1http://www.wikidata.org/entity/Q3890486$91684
=650  \0$aFine art$1http://www.wikidata.org/entity/Q219625$921579
=650  \0$aCatalogue$1http://www.wikidata.org/entity/Q2352616$1http://www.wikidata.org/entity/Q6941730$921484
=650  \0$aExhibition$1http://www.wikidata.org/entity/Q464980$925353
=651  \0$aVerona (Italy)$1http://www.wikidata.org/entity/Q2028$921086
=942  \\$cBOO
=952  \\$00$10$2ddc$40$6TOP_IT$70$8TOP$912534$aORPH$bORPH$cKTS0$d2020-07-08$eKoopman$i38C41$l0$oTOP IT$p20120409$r2021-01-12 00:00:00$w2021-01-12$yBOO$OKoopman
=999  \\$d12551

