=LDR  00938cam a2200229 a 4500
=001  12552
=005  20250120115857.0
=008  901012s1990\\\\it\a\\\\\bc\\\000\0\ita\\
=020  \\$a8843532111
=040  \\$aOI
=245  02$aL'Età di Masaccio:$bil primo Quattrocento a Firenze
=260  \\$aMilan$bElecta$c1990
=300  \\$a265 pages$billustrations (some color)$c29 cm
=504  \\$aIncludes bibliographical references.
=648  \0$a15th Century (1401-1500)$1http://www.wikidata.org/entity/Q7018$921015
=650  \0$aFine art$1http://www.wikidata.org/entity/Q219625$921579
=651  \0$aFlorence (Italy)$1http://www.wikidata.org/entity/Q2044$9248
=700  \\$aBerti, Luciano$4edt$915019
=700  \\$aPaolucci, Antonio$4edt$915020
=942  \\$cBOO
=952  \\$00$10$2ddc$40$6TOP_IT_FLO_4_000000000000000$70$8TOP$912535$aORPH$bORPH$cKTS0$d2020-07-08$eKoopman$i38C44$oTOP IT.FLO 4$p20120406$r2021-01-12 00:00:00$w2021-01-12$yBOO
=999  \\$d12552

