=LDR  00765aam a2200181   4500
=001  12553
=008  220812s1986\\\\|||a||||\||||\00|\0\ita\d
=041  \\$aita
=245  \\$aMiniatura Veronese del Rinascimento
=260  \\$aVerona$bMuseo del Castelvecchio$c1986
=648  \0$aRenaissance (1400-1600)$1http://www.wikidata.org/entity/Q4692$920965
=650  \0$aFine art$1http://www.wikidata.org/entity/Q219625$921579
=651  \0$aVerona (Italy)$1http://www.wikidata.org/entity/Q2028$921086
=700  \\$4edt$aCastiglioni, Gino$924676
=700  \\$4edt$aMarinelli, Sergio$910503
=942  \\$cBOO
=952  \\$00$10$2ddc$40$6TOP_IT_VER_4_000000000000000$70$8TOP$921731$aORPH$bORPH$cKTS0$d2020-07-08$eKoopman$i38C45$l0$oTOP IT.VER 4$r2022-08-12 00:00:00$w2022-08-12$yBOO
=999  \\$d12553

