=LDR  00712    a2200157   4500
=001  12554
=008  211119s1980\\\\||||||||\||||\00|\0\dut\d
=041  \\$adut
=245  \\$aZwolle in de middeleeuwen:$bOnderzoekingen naar een vroeg-stedelijke samenleving
=260  \\$aZwolle$bWaanders$c1980
=648  \0$aMiddle Ages (500-1400)$1http://www.wikidata.org/entity/Q12554$920964
=650  \0$aArcheology$1http://www.wikidata.org/entity/Q23498$94082
=651  \0$aZwolle (Netherlands)$1http://www.wikidata.org/entity/Q793$985
=942  \\$cBOO
=952  \\$00$10$2ddc$40$6TOP_NL_ZWO_3_000000000000000$70$8TOP$912536$aORPH$bORPH$cKTS0$d2020-07-08$eKoopman$i38D01$oTOP NL.ZWO 3$p20122407$r2021-01-12 00:00:00$w2021-01-12$yBOO
=999  \\$d12554

