=LDR  00785    a2200181   4500
=001  12557
=008  220223s1999\\\\||||||||\||||\00|\0\ger\d
=020  \\$a3874907015
=041  \\$ager
=100  \\$aPickel, R.$4edt$923725
=245  \\$aAlte Pinakothek München:$bErläuterungen zu den ausgestellten Gemälden. Korrigierte und durch einen Anhang erweiterte Ausgabe
=260  \\$aMunich$bLipp$c1999
=490  \\$aBayerische Staatsgemäldesammlungen
=610  \0$aAlte Pinakothek (Munich, Germany)$1http://www.wikidata.org/entity/Q154568$923726
=650  \0$aFine art$1http://www.wikidata.org/entity/Q219625$921579
=942  \\$cBOO
=952  \\$00$10$2ddc$40$6VIS_PICK$70$8VIS$912539$aORPH$bORPH$cKTS1_H$d2020-07-08$eKoopman$i38D13$oVIS PICK$p20122396$r2021-01-12 00:00:00$w2021-01-12$yBOO
=999  \\$d12557

