=LDR  02077aac a2200337   4500
=001  12558
=008  220810r19071711||||||||\||||\00|\mdeng\d
=041  \\$aeng
=100  \\$aSmith, Gregory$4edt$940438
=245  \\$aThe Spectator.$bIn Four Volumes
=260  \\$aLondon$bDent$aNew York$bDutton$c1956
=300  \\$a4 vols. (x-566+505+492+524 pages)
=490  \\$aEveryman's Library
=500  \\$aReprint of The Spectator that ran from 1711 to 1712 and in 1714.

=504  \\$aVol. 4 includes a general index
=504  \\$aThe bibliographical history of The Spectator: https://www.bl.uk/eblj/2019articles/pdf/ebljarticle12019.pdf
=534  \\$aOriginally puiblished in 1711-14
=648  \0$a18th Century (1701-1800)$1http://www.wikidata.org/entity/Q7015$920899
=650  \0$aPeriodical$1http://www.wikidata.org/entity/Q1002697$921106
=650  \0$aMusic criticism$1http://www.wikidata.org/entity/Q11748889$921598
=650  \0$aTheater criticism$1http://www.wikidata.org/entity/Q2416230$921632
=651  \0$aLondon (United Kingdom)$1http://www.wikidata.org/entity/Q84$9123
=700  \\$4edt$4ctb$aAddison, Joseph$d1672-1719$1http://www.wikidata.org/entity/Q206384$95442
=700  \\$4edt$4ctb$aSteele, Richard$d1672-1729$1http://www.wikidata.org/entity/Q333148$95443
=700  \\$4win$aSmithers, Peter$924630
=942  \\$cBOO
=952  \\$00$10$2ddc$3vol. 1$40$6TOP_GB_5_000000000000000$70$8TOP$912540$aORPH$bORPH$cKTS0$d2020-07-08$eKoopman$i38D24$l0$oTOP GB 5$p20122386$r2021-01-12 00:00:00$w2021-01-12$yBOO
=952  \\$00$10$2ddc$3vol. 2$40$6TOP_GB_5_000000000000000$70$8TOP$912541$aORPH$bORPH$cKTS0$d2020-07-08$eKoopman$i38D24$l0$oTOP GB 5$p20122385$r2021-01-12 00:00:00$w2021-01-12$yBOO
=952  \\$00$10$2ddc$3vol. 3$40$6TOP_GB_5_000000000000000$70$8TOP$912542$aORPH$bORPH$cKTS0$d2020-07-08$eKoopman$i38D24$l0$oTOP GB 5$p20122384$r2021-01-12 00:00:00$w2021-01-12$yBOO
=952  \\$00$10$2ddc$3vol. 4$40$6TOP_GB_5_000000000000000$70$8TOP$912543$aORPH$bORPH$cKTS0$d2020-07-08$eKoopman$i38D24$l0$oTOP GB 5$p20122383$r2021-01-12 00:00:00$w2021-01-12$yBOO
=999  \\$d12558

