=LDR  00847cam a2200229 p 4500
=001  12563
=005  20250120115957.0
=008  800313s1979\\\\ne\a\\\\\b\\\\001\0\dut\\
=015  \\$aNe79-39
=020  \\$a9062835309 :$cfl 14.50
=040  \\$aOI
=100  \\$aOestvoren, Jacob van$915025
=240  10$91077$aGilde van de blauwe schuit
=245  13$aDe blauwe schuit /$cuitg. en van commentaar voorzien door Herman Pleij.
=260  \\$aMuiderberg :$bDick Coutinho,$c1979.
=300  \\$a94 p. :$bwith ill. ;$c22 cm.
=504  \\$aIncludes bibliographical references and index.
=700  \\$aPleij, Herman$915026
=942  \\$cBOO
=952  \\$00$10$2ddc$40$6LIT_OEST_A$70$8LIT$912545$aORPH$bORPH$cKM12_2_H$d2020-07-08$eKoopman$i38D34$oLIT OEST a$p20122371$r2021-01-12 00:00:00$w2021-01-12$yBOO
=999  \\$c12563$d12563
=490  \\$aPopulaire literatuur ;$vnr. 1

