=LDR  00732    a2200157   4500
=001  12565
=008  230912s1981\\\\gw\ao|||\||||\00|\0\ger\d
=041  \\$ager
=245  \\$aDas Cembalo.$bEine Musikinstrumentenausstellung der Stadt Herne und eine Konzertreihe des Westdeutschen Rundfunks Köln vom 3. bis 6. Dezember 1981
=260  \\$c1981$aHerne$bStadt Herne
=300  \\$a92 pages
=700  \\$4ctb$aGirgenson, Jürgen$926482
=710  \\$1http://www.wikidata.org/entity/Q2387823$4edt$aTage Alter Musik in Herne (Herne, Germany)
=942  \\$cBOO
=952  \\$00$10$2ddc$40$6INS_3_000000000000000_2B_DE$70$8INS$912547$aORPH$bORPH$cKTS0$d2020-07-08$eKoopman$i38D39$l0$oINS3.2b DE$p20122366$r2021-01-12 00:00:00$w2021-01-12$yBOO$OKoopman
=999  \\$d12565

