=LDR  01179aam a2200241   4500
=001  12566
=008  220905s2009\\\\|||go|||\||||\00|\0bmul\d
=020  \\$a9788461318063
=041  \\$aspa$aeng
=100  \\$4edt$aMorales, Luisa$915100
=245  \\$aDomenico Scarlatti en España = Domenico Scarlatti in Spain.$bActas de los Symposia FIMTE 2006-2007 = Proceedings of FIMTE Symposia 2006-2007
=260  \\$as.l.$bLeal$bMinisterio de Asuntos Exteriores y de Cooperación$bAgencia Española Internacional para el Desarrollo$c2009
=300  \\$axvi-384 pages
=490  \\$aFIMTE$v2
=600  \0$aScarlatti, Domenico$d1685-1757$1http://www.wikidata.org/entity/Q167837$95383
=648  \0$a18th Century (1701-1800)$1http://www.wikidata.org/entity/Q7015$920899
=650  \0$aComposer$1http://www.wikidata.org/entity/Q36834$93625
=650  \0$aCourt$922191
=650  \0$aOrganology$1http://www.wikidata.org/entity/Q899293$921400
=651  \0$aSpain$1http://www.wikidata.org/entity/Q29$920983
=942  \\$cBOO
=952  \\$00$10$2ddc$40$6BIO_SCAR2_E$70$8BIO$912548$aORPH$bORPH$cKTS1_P$d2020-07-08$eKoopman$i38E01$oBIO SCAR2 e$p20120401$r2021-01-12 00:00:00$w2021-01-12$yBOO$OKoopman
=999  \\$d12566

