=LDR  01087aam a2200229   4500
=001  12569
=008  230308s1990\\\\|||a||||\||||\00|\0\dut\d
=020  \\$a9036702097
=041  \\$adut$aeng$ager
=110  2\$aRijksuniversiteit Groningen (Netherlands)$4edt$926751
=245  \\$aBibliotheek, Wetenschap en Cultuur:$bopstellen aangeboden aan mr. W.R.H. Koops bij zijn afscheid als bibliothecaris der Rijksuniversiteit te Groningen
=260  \\$c1990$aGroningen$bUniversiteitsbibliotheek Groningen
=300  \\$a613 pages
=650  \0$aLibrary$1http://www.wikidata.org/entity/Q7075$94229
=650  \0$aBibliophilia$1http://www.wikidata.org/entity/Q214719$921630
=651  \0$aGroningen (Netherlands)$1http://www.wikidata.org/entity/Q749$922634
=700  \\$aEngels, L.J.$4edt$939240
=700  \\$aHuisman, G.C.$4edt$939241
=700  \\$aKoops, Willem Roelf Henderikus $4dte$939242
=942  \\$cBOO
=952  \\$00$10$2ddc$40$6BIB_1_000000000000000_KOOP$70$8BIB$912551$aORPH$bORPH$cKTS0$d2020-07-08$eKoopman$i38E27$l0$oBIB1 KOOP$p20120373$r2021-01-12 00:00:00$w2021-01-12$yBOO$OKoopman
=999  \\$d12569

